3134 4838
300 226 337 278 36

339 397 378 468 V,
401 395 451 468 65,
475 395 493 454 6
515 391 585 466 τοῦς
611 431 643 440 -«
671 391 860 476 στρατηγοὺς
887 394 922 458 ἐν
944 395 1031 473 αἰτία
1063 396 1157 475 εἶχον,
1180 393 1266 459 τότε
1289 397 1450 476 πρότερον

256 533 293 542 -
318 494 595 578 Λακεδαιμονίους
618 490 827 579 άφεθῆναι
850 503 903 558 καὶ
927 499 986 560 νῦν
1008 495 1065 560 ὅτι
1089 535 1124 544 -
1150 493 1252 569 οὐδεὶς
1278 483 1452 564 imm.

254 621 319 659 ιιει.
346 597 410 682 (ὅτι
433 601 496 661 iere
519 628 550 652 =
575 596 744 682 quoniam.)

653 763 782 826 Verbum
796 766 854 848 fiii.
878 778 904 828 ei
921 768 1049 850 φαυλίαι

224 939 231 956 ·
339 903 412 976 VII,
440 904 488 974 64,
514 903 525 961 1
553 896 757 983 ὑπομινήσκω
784 901 840 963 ὅτι
866 939 900 946 -
926 895 1156 964 ῦπελελπετε
1183 937 1223 946 -
1247 939 1296 975 -,
1319 899 1391 974 τοῦς
1416 924 1449 964 τε

254 1003 377 1068 ἐνθάδε
399 1041 439 1050 -
462 1000 758 1082 πλευσομένους
782 1041 828 1063 -.

419 1155 435 1193 ⁸
703 1169 819 1230 Ρονλίο.
843 1180 869 1230 ολ
891 1170 994 1255 ιὐβιτ.;

253 1310 293 1376 11,
321 1310 367 1378 13,
389 1308 408 1368 5
432 1302 595 1386 οἷπέφαινε
617 1303 645 1366 δ’
668 1301 814 1384 ἔχον’τὸ
837 1303 969 1382 ἄγαλμα
992 1304 1227 1388 τεσσαράκοντα
1245 1296 1391 1365 τάλαντα
1408 1341 1443 1348 -

253 1415 307 1472 καὶ
330 1405 529 1489 περιαιρετὸν
552 1407 661 1469 εἶναι
684 1405 785 1468 ἅπαν.
1317 1463 1324 1482 ,

335 1512 376 1583 ΙΙ,
399 1511 448 1582 62,
472 1512 490 1569 3
513 1505 597 1580 εἰκὸς
620 1547 656 1553 -
680 1509 804 1585 γνῶναι
826 1505 1016 1590 ἐλευθερίαν
1037 1510 1096 1586 μὲν
1126 1501 1447 1591 άναληφομὲνην

195 1647 198 1653 ·
251 1649 290 1663 »-
315 1617 369 1674 καὶ
390 1609 429 1674 τά
451 1612 685 1693 προκεκτημένα
709 1609 843 1692 φιλεῖν
866 1607 1096 1670 ἐλασσοῦσθαι.
1125 1610 1202 1670 Item
1226 1609 1315 1681 VIII,
1338 1609 1390 1682 45,
1416 1608 1446 1669 6.

293 1779 446 1864 Objectum
478 1791 529 1840 ατιλ
562 1779 668 1841 locutio
699 1779 911 1862 praepositione
945 1779 1066 1839 inducia
1096 1789 1121 1839 ei
1149 1788 1249 1839 εαυιπ.
1283 1774 1394 1838 declar.

248 1915 371 1990 111,82,
394 1911 412 1975 7
436 1916 518 1977 τότε
542 1909 720 1996 άσφαλὲς
747 1909 1038 1990 ἐλογίζετοκαὶότι
1061 1947 1100 1956 -
1124 1909 1445 1992 προσελάμβανε.

174 2016 178 2025 ’
251 2019 309 2089 III,
332 2015 382 2087 82,
404 2020 423 2078 2
446 2015 695 2096 πυνθανόμενοι
718 2011 785 2097 την
808 2016 946 2077 στάσιν
969 2019 1023 2075 καὶ
1045 2010 1162 2084 τάς-
1185 2015 1263 2084 ναῦς
1289 2049 1322 2058 -
1345 2012 1443 2093 μελ-

249 2117 515 2189 λοῦσαςιπλεϊν.
540 2122 564 2190 1,
587 2117 638 2189 82,
664 2121 676 2178 l
701 2117 774 2200 μήτε
798 2116 972 2198 πόλεμον
989 2115 1074 2194 ἄγαν
1097 2112 1270 2197 δηλοῦντας
1291 2109 1371 2197 μηθ’
1394 2111 1445 2187 ως
1509 2195 1512 2204 ,

248 2219 528 2304 ἐπιτρέψομεν.
558 2215 640 2308 [δηλ.
670 2207 757 2307 ΞἹ)
787 2213 1009 2294 α’πειλοῦντας,
1032 2217 1067 2301 2)
1101 2216 1260 2293 λέγοντας,
1289 2217 1342 2278 Kr.
1378 2209 1443 2305 CI]

249 2321 313 2404 (Of.
338 2321 364 2392 1,
389 2324 459 2396 102,
482 2325 500 2383 3
524 2318 579 2402 τὴν
600 2327 660 2403 μὲν
681 2314 833 2400 ὑποψίαν
856 2317 894 2384 οὐ
915 2320 1093 2403 δηλοῦντες,
1116 2317 1255 2391 εἰπόντες
1276 2315 1311 2384 δὲ
1329 2317 1376 2380 ὅτι
1392 2355 1442 2374 --.

180 2469 183 2481 .
248 2424 289 2486 Et
316 2423 341 2493 1,
364 2423 415 2494 90,
445 2427 463 2483 2
491 2419 525 2485 τὸ
552 2427 611 2502 μὲν
643 2414 842 2502 βουλόμενον
872 2461 911 2469 -
935 2418 975 2485 οῦ
1003 2421 1169 2506 δηλοῦντες
1194 2459 1240 2495 --,
1264 2415 1305 2492 ὠς
1327 2420 1362 2481 δὲ
1385 2420 1443 2481 τοῦ

245 2511 416 2605 βαρβάρου
501 2519 558 2586 οῦκ
581 2525 623 2585 οἳν
645 2523 771 2602 ἔχοντος
798 2529 880 2606 -.)τ

686 2694 814 2755 Iudicat.
838 2706 865 2755 et
886 2703 995 2776 optuit

330 2829 370 2900 11,
392 2827 442 2899 80,
468 2829 479 2888 1
509 2825 651 2903 λέγοντες
678 2827 724 2890 ὅτι
747 2861 787 2872 -—
811 2865 846 2872 -
879 2822 1132 2911 κρατήσουσι,
1159 2831 1212 2888 καὶ
1238 2863 1271 2870 -
1298 2821 1437 2886 ἔσοιτο.

247 2931 293 2992 Cf.
316 2929 357 2996 11,
384 2929 429 3000 13,
456 2931 480 2989 1.
531 2932 619 3001 VlH,
642 2930 692 3002 50,
717 2932 742 2991 l.
768 2929 817 3000 51,
844 2931 866 2990 I.
891 2926 941 3004 72,
965 2931 991 2990 1.

331 3030 398 3090 Huc
422 3031 524 3091 referri
550 3040 651 3108 potest
674 3034 766 3091 etiam
789 3033 936 3092 transitus
959 3033 997 3091 ab
1022 3050 1065 3090 or.
1090 3029 1150 3088 obi.
1175 3029 1214 3089 ad
1238 3047 1280 3088 or.
1305 3046 1328 3086 r.
1363 3026 1438 3087 Ρ1ε·
1458 3071 1462 3080 .

247 3149 373 3210 rumque
403 3132 559 3209 appellant
583 3133 607 3201 1,
634 3130 700 3202 139,
723 3133 752 3202 3,
775 3133 826 3190 sed
850 3151 878 3191 v.
902 3151 993 3211 supra
1021 3131 1083 3189 »De
1107 3126 1155 3190 ὅτι
1179 3139 1209 3189 et
1232 3123 1290 3200 ὡς»
1314 3129 1356 3206 (p.
1382 3126 1439 3206 26)

247 3233 404 3308 Praecipue
429 3243 531 3293 autem
556 3231 607 3291 hic
630 3251 701 3294 usus
724 3234 753 3291 in
778 3233 950 3292 foederibus
975 3231 1181 3292 describendis
1205 3229 1373 3292 invenitur:
1396 3227 1439 3298 V,

249 3332 286 3394 18
309 3328 453 3401 σπονδάς
475 3331 665 3413 ἐποιήσαντο
685 3326 856 3416 Ἀθηναῖοι
874 3327 929 3393 καὶ
948 3324 1202 3410 λακεδαιμάνιοι
1215 3367 1253 3376 -
1267 3326 1346 3391 κατά
1362 3325 1440 3388 τάδε

246 3453 299 3478 -·
326 3471 361 3477 --
385 3431 482 3496 θύειν
504 3470 544 3479 -
568 3456 622 3496 και
643 3436 861 3514 μαντεύεσθαι
884 3441 939 3496 καὶ
962 3437 1098 3516 θεωρεῖν
1116 3429 1222 3495 -τὸν
1240 3431 1440 3513 βουλόμενον

246 3571 296 3594 -.
318 3570 359 3579 -
382 3527 577 3614 αῦτονόμους
600 3536 683 3600 εἶναι
705 3573 746 3583 -—
768 3573 818 3597 —-.
841 3538 925 3600 εἶναι
947 3573 987 3582 -
1009 3571 1059 3597 --.
1083 3533 1168 3597 ὅπλα
1190 3533 1226 3597 δὲ
1242 3531 1439 3618 μηέξέστω

245 3636 410 3718 ἐπιφέρειν
434 3673 473 3682 -
497 3673 547 3696 -—.
570 3675 611 3683 -
633 3639 820 3720 χράσθων
844 3677 893 3700 -.
917 3634 1152 3700 α’ποῦόντων
1177 3673 1275 3696 -ι-
1293 3635 1439 3710 ε’ξέσμω

247 3775 297 3796 -.
317 3773 357 3816 -7
381 3731 579 3819 αὐτονόμους
601 3741 695 3803 εἶναι.
718 3733 763 3800 r--‘
779 3739 917 3815 ἐξέστω
943 3776 998 3813 -,
1021 3733 1301 3802 άποδιδόντων
1322 3773 1372 3796 -—.
1396 3772 1437 3781 -

247 3839 427 3919 ξυμμάχους
459 3835 488 3902 δ’
518 3842 611 3904 εἶναι.
636 3880 673 3888 -
699 3841 839 3918 ἐξέστω
868 3879 915 3902 ἡ.
941 3878 981 3887 -
1009 3839 1106 3903 οἰκεῖν
1127 3878 1177 3900 -.
1202 3835 1439 3924 άποδᾴντων

244 3978 295 4002 -.
319 3936 553 4007 ἀποδόντων
575 3981 614 3988 -
636 3940 886 4025 -.-α’φεῒναι
910 3980 958 4010 -.
982 3937 1214 4006 άποδόντων
1236 3978 1285 4001 -.
1302 3943 1437 4020 -βου-

245 4042 397 4106 λεῦεσθαι
420 4081 469 4105 -.
500 4043 613 4127 ὅρκους
641 4042 678 4106 δὲ
705 4045 908 4130 ποιήσασθαι
933 4041 1128 4128 Ἀθηναίους
1149 4079 1200 4106 -.
1228 4035 1439 4123 ὄμνῦντων

244 4181 294 4206 -.
317 4140 335 4207 ὁ
357 4143 386 4207 δ’
409 4143 501 4223 ὅρκος
527 4145 622 4209 ε”στω
645 4145 708 4208 ὅδε.
733 4185 767 4194 «-
793 4144 888 4209 ἔστω
910 4185 959 4224 -,
982 4143 1037 4210 τὸν
1049 4146 1084 4208 δὲ
1095 4144 1192 4228 ὅρκον
1206 4141 1436 4208 άνοινεοῦσθαι

245 4284 292 4309 -.
318 4283 356 4292 —-
381 4249 556 4328 στῆσαι.--
578 4248 722 4310 εῖναι-.
757 4249 828 4309 Alia
850 4269 944 4311 causa
966 4250 1049 4310 nulla
1064 4249 1151 4325 hujus
1165 4246 1327 4309 varietatis
1341 4266 1435 4327 quam

241 4349 398 4428 scriptoris
422 4350 582 4411 arbitrium
606 4350 670 4410 erui
693 4358 813 4430 potest3
837 4369 905 4410 nam
931 4351 1067 4430 quaedam
1096 4349 1244 4420 notiones,
1266 4367 1331 4428 quae
1353 4347 1387 4410 h.
1413 4348 1435 4412 l.
