3134 4838
412 1088 492 1182 Quae
518 1093 569 1166 ost
595 1092 686 1165 notio
714 1047 882 1166 orationis
902 1093 1065 1184 obliquat

147 1267 276 1396 Quum
299 1335 402 1395 varias
426 1337 537 1396 formas
559 1335 688 1413 alicujus
712 1334 752 1394 rei
775 1345 828 1396 aut
849 1325 1026 1413 quaestionis
1050 1343 1190 1416 spectare
1212 1331 1243 1395 et
1258 1353 1336 1396 exa-

148 1438 262 1498 minare
296 1435 445 1508 volumus,
478 1456 536 1496 non
571 1435 673 1515 aptius
701 1435 820 1497 videtur
842 1435 932 1514 incipi
957 1454 1049 1514 posse
1073 1455 1173 1516 qnam,
1197 1437 1269 1516 quid
1293 1439 1334 1497 sit

149 1537 213 1606 ista
236 1555 293 1609 res,
316 1538 352 1597 de
374 1555 434 1615 qna
457 1546 578 1615 agatur,
605 1555 692 1616 qnam
728 1537 860 1596 maxime
895 1536 983 1596 certis
1006 1547 1036 1595 et
1058 1536 1229 1598 illustribus
1253 1537 1334 1597 notis

150 1637 328 1698 definiendo.
372 1635 444 1706 Qua
475 1655 582 1698 norma
615 1656 697 1710 nsus,
720 1654 808 1716 qnnm
841 1637 904 1713 jam
940 1635 1011 1696 mihi
1041 1637 1083 1696 sit
1105 1637 1137 1698 in
1162 1637 1262 1698 animo
1285 1639 1335 1699 in-

146 1739 251 1818 signes
274 1737 419 1817 quasdam
444 1739 558 1798 formas
593 1738 743 1797 orationis
771 1737 898 1817 obliquae
923 1737 1125 1818 Thncydidiae
1147 1738 1202 1798 snb
1227 1758 1336 1818 aspec-

149 1849 214 1903 tum
249 1857 368 1908 vocare,
403 1857 461 1898 nou
495 1838 626 1899 alienum
656 1845 729 1916 puto
753 1857 819 1898 esse
842 1837 981 1917 primum,
1005 1838 1075 1916 quid
1099 1839 1249 1918 significet
1271 1839 1336 1900 haec

150 1939 264 2000 locutio
296 1957 357 1999 nor.
391 1939 478 2010 obt»,
511 1938 705 2016 investigare,
740 1957 831 2018 eoque
853 1937 950 2016 magis
973 1939 1057 2017 qnod
1080 1938 1111 1998 in
1135 1939 1225 1999 nullis
1249 1939 1336 1999 libris

150 2041 186 2100 dc
208 2040 299 2100 rebus
323 2039 529 2118 grammaticis
552 2039 741 2118 conscriptis,
761 2058 835 2118 quos
855 2037 975 2118 quidem
995 2058 1048 2118 ego
1066 2038 1266 2118 inspexerim,
1278 2040 1337 2100 ab·

150 2140 283 2201 solutam
307 2139 396 2220 hujus
420 2140 460 2200 rei
483 2139 708 2220 expositionem
732 2141 837 2219 reperi.
881 2140 1131 2214 Praemonendnm
1154 2150 1257 2201 tamen
1280 2148 1337 2214 est,

152 2261 198 2301 me
221 2240 272 2300 hic
294 2249 413 2301 tanturn
438 2260 563 2319 graecam
588 2241 758 2302 orationem
784 2241 941 2320 obliquam
966 2240 1127 2318 attingere,
1151 2241 1273 2302 omissis
1296 2241 1336 2301 iis
1434 2272 1441 2288 ·

150 2343 190 2402 ab
213 2341 270 2402 hac
294 2340 529 2402 abhorrentibus
554 2342 672 2413 formis,
695 2361 760 2421 quae
783 2341 814 2402 in
839 2341 907 2401 aliis
931 2340 1052 2419 linguis,
1075 2342 1115 2401 ab
1142 2341 1337 2422 indogerma-

151 2442 220 2503 nico
243 2442 337 2520 stirpe
361 2442 444 2512 ortis,
469 2452 641 2502 occurrunt.
971 2520 975 2530 Ι

236 2543 320 2603 later
351 2561 400 2602 sos
434 2543 529 2620 igitur
562 2562 660 2603 rernm
695 2543 961 2621 grammaticarum
1002 2543 1178 2623 scriptores
1212 2563 1337 2622 quornm

150 2662 246 2722 opera
280 2633 352 2702 miti
386 2652 502 2722 praesto
532 2646 664 2715 t'uernnt,
697 2643 858 2714 neminem,
892 2643 943 2722 qni
978 2643 1057 2704 hanc
1086 2663 1147 2704 rem
1172 2643 1338 2722 copiosius,

150 2762 241 2824 quam
267 2735 501 2823 Kuehnerns¹),
525 2753 681 2815 tractaret,
704 2744 816 2804 inveni.
862 2742 922 2813 Qui
946 2753 1059 2816 tamen,
1083 2764 1151 2804 mea
1173 2746 1338 2817 sententia,
1424 2744 1427 2750 ’

152 2862 249 2924 neque
274 2845 406 2923 perfecte
429 2855 459 2905 et
481 2845 613 2923 sparsim
639 2863 702 2906 non
726 2857 807 2905 recte
830 2864 895 2905 eam
920 2845 1069 2924 exposuit.
1098 2845 1201 2924 Atque
1215 2845 1352 2906 omnino.

151 2944 184 3004 in
208 2944 266 3004 hac
290 2964 320 3004 re
344 2945 541 3006 describenda
575 2945 765 3023 grammatici
801 2945 945 3006 videntur
972 2965 1030 3006 non
1060 2945 1211 3024 expressis
1236 2946 1338 3006 verbis

152 3045 200 3105 usi
225 3063 303 3105 esse.
347 3044 468 3106 Vereor
490 3045 624 3125 quidem,
658 3065 695 3105 ne
725 3046 773 3106 hic
795 3046 887 3106 nimis
910 3046 1031 3106 subtilis
1058 3047 1179 3120 videam
1215 3056 1340 3108 excuset

95 3183 101 3198 ·
154 3164 202 3206 me
225 3145 358 3206 studium
382 3145 560 3226 diligentiae.
606 3146 717 3224 Incipit
732 3146 923 3208 -Kuehnerus
946 3145 1004 3207 sic:
1049 3146 1125 3206 »Die
1144 3147 1252 3207 Worte
1266 3148 1340 3210 oder

153 3243 327 3306 Godanken
352 3247 432 3307 einer
454 3247 564 3308 Person
590 3283 627 3292 —
651 3248 773 3307 konnen
798 3247 954 3307 entweder
982 3247 1188 3308 naverundert
1209 3248 1239 3307 in
1269 3249 1340 3308 der-

154 3346 259 3406 seiben
294 3347 396 3418 Form,
431 3347 462 3408 in
495 3347 626 3408 welchcr
658 3348 703 3407 sie
732 3367 792 3407 von
816 3367 870 3409 uos
893 3348 966 3408 oder
989 3366 1049 3408 von
1073 3347 1170 3407 einem
1193 3343 1336 3409 rtnderen

154 3455 317 3526 ansgesagt
341 3448 461 3508 worden
485 3447 564 3520 sind,
592 3448 835 3527 wiedergegeben
858 3448 1006 3508 werden..
1023 3472 1051 3506 a>
1074 3448 1184 3508 Deficit
1206 3447 1254 3509 hic
1268 3456 1341 3529 post

154 3553 352 3627 »ansgesagtu
380 3549 504 3610 verbum
529 3549 712 3628 »gedacht»;
734 3569 800 3629 quae
822 3531 1054 3620 animadversio,
1084 3550 1217 3628 quamvis
1241 3549 1341 3630 exigui

156 3648 295 3710 videatur
329 3649 482 3722 momenti,
517 3669 576 3709 non
610 3657 711 3710 tamen
745 3650 870 3729 indigna
894 3659 971 3720 erat,
993 3669 1058 3730 quae
1082 3650 1176 3716 fieret,
1199 3652 1341 3730 quoniam

57 3765 60 3774 ’
156 3747 247 3808 etiam
272 3747 311 3808 ad
335 3768 381 3820 ea,
404 3769 471 3828 quae
494 3759 612 3810 tantum
636 3769 737 3824 sensa,
760 3770 818 3811 non
843 3752 1050 3830 pronuntiata,
1073 3749 1143 3823 sint,
1156 3769 1264 3811 nonreo
1281 3771 1341 3814 nor.

155 3848 231 3908 obl.»
246 3849 385 3928 pertinet.
404 3885 440 3894 --
452 3851 486 3910 in
501 3850 605 3912 libello
618 3851 757 3930 quodam,
776 3852 825 3930 qui
838 3851 1036 3930 sagacissime
1050 3851 1088 3910 ab
1100 3850 1298 3930 O.Behaghei
1311 3844 1342 3936 ²)

157 3949 357 4029 conscriptus,
397 3951 448 4030 qui
480 3951 662 4030 perlegatur,
702 3951 908 4030 dignissimus·
938 3961 994 4023 est,
1030 3950 1107 4012 hauc
1137 3952 1341 4014 definitionem

156 4047 258 4111 inveni
270 4039 316 4132 3);
339 4049 422 4134 »(ich
446 4051 588 4112 verstehe
612 4051 772 4133 darnnter)
795 4053 865 4130 jede
877 4052 1072 4131 Mittheil'ung
1087 4047 1258 4114 der'Worte
1271 4055 1344 4116 oder

225 4240 247 4304 ¹)
266 4245 340 4324 Apsi.
360 4248 475 4294 Gramm.
495 4247 544 4295 der
563 4249 606 4296 Gr.
626 4248 692 4309 Spr,
712 4248 754 4295 ed.
774 4249 806 4308 2.,
824 4249 858 4304 ΙΙ,
878 4250 901 4308 2,
920 4246 933 4309 ξ
954 4250 1002 4296 592
1021 4264 1079 4310 sqq.

224 4323 246 4388 ²)
264 4327 315 4378 Die
334 4329 468 4392 Zeitiolge
488 4331 537 4378 der
554 4331 728 4393 abh'e'ngigen
755 4333 829 4380 Rede
848 4333 885 4379 im
903 4332 1060 4381 Deutechen
1077 4347 1130 4380 von
1148 4334 1193 4381 Dr.
1212 4334 1276 4384 Octo
1296 4338 1346 4384 Be·

58 4431 63 4438 ·
158 4407 264 4473 haghel.
299 4413 465 4474 Paderborn,
486 4415 557 4464 1878.
948 4414 971 4476 ³)
990 4431 1015 4478 p.
1034 4418 1057 4464 4.
1255 4429 1259 4438 ·

1231 4505 1241 4549 1
