3134 4838
1278 239 1293 290 3

150 408 213 471 haec
235 411 294 470 dno
318 425 431 489 genera
453 409 593 488 adjungit
615 403 659 495 (p.
688 405 795 487 loom:
833 405 864 485 l)
888 405 1090 486 Fragesatze:
1125 406 1251 491 (praeter
1274 406 1337 468 alia

152 510 295 590 exempla
325 507 452 590 similia)
486 509 576 572 affert
597 508 711 574 Herod.
735 511 763 578 3,
786 504 826 566 64
847 505 945 586 cipeto
969 503 986 569 ὁ
1009 505 1189 591 Καμβύσης,
1213 507 1232 569 ὅ
1253 530 1281 568 τι
1302 509 1337 596 τῇ

87 687 92 702 ⁸
152 609 243 674 utilas
265 607 388 689 οὔνομα
411 611 457 693 sip
480 609 540 693 (or.
564 631 603 674 r.:
635 613 663 672 ri
686 605 809 687 οὔνομά
830 607 944 692 ἕσας);
978 608 1012 691 2)
1041 610 1335 672 Deliberativstitze:

152 711 246 795 (inter
269 713 331 773 alia
353 709 482 792 similia)
507 711 601 774 Thuc.
629 715 654 785 1,
676 711 727 785 25,
748 704 831 773 ladv
844 705 926 772 θεὸν
936 704 1103 792 ἐπήροντο,
1119 711 1148 772 εἰ
1158 710 1336 790 παραδοῖεν

153 816 342 895 Κορινθίοις
374 808 429 895 τὴν
462 809 557 876 πόλιν
586 812 647 896 (or.
670 835 692 875 r.
717 808 782 895 ἆρα
810 810 1008 898 παραδῶμεν
1035 812 1110 895 -;).
1155 814 1264 874 Nonne
1287 813 1336 874 hae

151 917 328 996 parenthesi
350 914 473 976 inclusae
495 915 656 977 sententia
679 935 734 994 per
756 935 788 976 se
810 925 881 977 sunt
903 916 1019 994 positae,
1042 915 1155 977 anullo
1169 914 1334 974 alioverbo

152 1016 337 1097 pendentes?
381 1016 429 1078 Ita
462 1035 533 1078 vero
570 1016 738 1090 enuntiata,
761 1017 799 1076 ab
822 1015 858 1090 el,
883 1007 1029 1096 πότερον,
1049 1015 1282 1095 pronominibus
1305 1026 1336 1076 et

151 1117 301 1178 adverbiis
331 1115 566 1196 interrogativis,
595 1117 744 1178 similibus
772 1118 959 1198 incipientia,
981 1136 1064 1198 aequo
1084 1116 1153 1194 jura
1177 1126 1265 1195 atque
1288 1134 1336 1187 ea,

151 1237 215 1298 quae
244 1220 283 1280 ab
316 1215 363 1281 dar
386 1227 417 1278 et
441 1213 482 1289 ὠς
504 1218 662 1298 incipiunt,
684 1220 721 1279 ad
745 1239 796 1278 eas
819 1219 988 1280 sententias
1011 1219 1195 1290 referuntur,
1218 1235 1283 1296 qnae
1305 1217 1335 1275 in

152 1337 195 1380 or.
220 1338 243 1381 r.
268 1319 447 1398 principales
471 1318 692 1402 (Hauptsdtze)
716 1327 810 1380 erant.
967 1306 970 1314 ¹
1378 1395 1381 1404 ,

233 1418 386 1490 Quoniam
424 1431 567 1500 quantum
610 1420 763 1481 varientur
796 1421 988 1484 definitiones
1027 1420 1171 1482 orationis
1206 1419 1334 1498 obliquae

150 1519 291 1593 vidimus,
313 1521 384 1600 quid
407 1540 438 1580 re
467 1539 544 1584 vera
567 1521 617 1591 sit,
650 1525 901 1600 perscrutandum
936 1535 991 1584 est.
1036 1519 1124 1590 Quod
1147 1519 1269 1599 quidem
1293 1518 1333 1578 ad

151 1621 377 1692 enucleandum,
400 1621 468 1682 inde
491 1620 532 1682 ab
555 1620 668 1700 origine
691 1622 779 1700 hujus
801 1631 962 1685 structura
984 1633 1118 1702 repetere
1132 1639 1254 1680 necesse
1276 1631 1332 1680 est.

149 1719 237 1790 Quod
262 1729 364 1782 antem
387 1723 426 1782 ad
449 1731 568 1801 tempus
591 1721 714 1795 attinet,
737 1741 796 1802 quo
818 1736 883 1786 orta
906 1725 954 1795 sit,
977 1723 1055 1785 nihil
1078 1722 1113 1782 de
1137 1739 1171 1781 eo
1195 1721 1356 1782 absolute.

149 1822 248 1883 afferri
270 1831 382 1902 potest.
426 1822 544 1886 Scimus
566 1832 695 1894 tantum,
718 1843 782 1884 eam
806 1826 835 1886 in
860 1826 960 1904 lingua
993 1841 1092 1904 graeca
1115 1832 1146 1882 et
1168 1822 1265 1884 latina
1287 1819 1333 1902 (et

149 1922 260 1992 deinde
284 1923 314 1984 iu
339 1923 487 2003 plerisque
510 1931 678 1985 ceterarum
701 1927 835 2002 ejusdem
858 1924 980 2006 stirpis)
1004 1925 1168 2004 perfectam
1190 1922 1334 1993 inveniri;

150 2024 178 2084 in
214 2025 316 2104 lingna
350 2024 538 2086 Senseritica
575 2033 676 2086 autem
711 2027 765 2086 vix
796 2027 892 2106 prima
922 2025 1053 2106 vestigia
1085 2014 1331 2106 reperiuntur¹).

150 2125 261 2188 Utrum
285 2134 384 2186 antem
420 2144 461 2186 or.
492 2125 553 2190 obl.
582 2126 612 2186 in
637 2125 762 2204 singulis
786 2127 894 2206 linguis
918 2126 1072 2189 exstiterit
1094 2143 1132 2185 an
1157 2125 1331 2205 priusquam

149 2226 226 2286 inter
255 2245 286 2286 se
321 2226 572 2305 disJungebantur
606 2226 651 2310 (in
686 2227 758 2288 »der
791 2228 1012 2309 enropdischen
1048 2215 1238 2307 Pe'riode»²)
1273 2245 1332 2286 non

149 2326 242 2387 l'acile
256 2336 303 2388 est
326 2327 512 2406 dijudicare;
535 2327 619 2407 prius
644 2327 729 2407 ponit
750 2329 825 2390 Beh.
848 2366 887 2374 -
912 2329 973 2392 Sed
1001 2329 1040 2389 ad
1054 2334 1201 2389 nostrum.
1225 2325 1260 2388 Si
1277 2346 1331 2388 ax-

148 2417 369 2506 onisiverimus,
403 2447 467 2506 quae
498 2432 600 2489 formae
624 2428 774 2490 orationis
797 2436 924 2492 ›rrectaeo
944 2429 978 2491 in
1003 2429 1113 2508 linguis
1136 2427 1279 2489 Sanslrrit
1301 2437 1333 2488 et

101 2514 107 2529 ⁸
146 2527 227 2590 Zend
261 2547 345 2608 paena
379 2528 490 2607 ubique
528 2528 742 2602 adhibeantur,
775 2550 850 2611 quas
883 2550 980 2611 graeca
1014 2529 1115 2609 lingua
1142 2528 1170 2587 in
1200 2545 1242 2588 or.
1270 2527 1330 2588 obl.

147 2638 256 2701 vertat,
289 2629 414 2709 optime,
442 2630 612 2710 quaeregio
641 2630 754 2693 notioni
777 2651 838 2692 sor.
862 2633 937 2694 obl.»
960 2631 1063 2692 danda
1086 2629 1138 2701 sit,
1161 2628 1330 2708 apparebit.

147 2726 235 2797 Quod
258 2749 294 2788 ne
317 2729 463 2790 »circulos
487 2730 600 2791 dixisse
625 2731 739 2800 videar,
762 2751 827 2812 quae
850 2743 949 2794 »notae
972 2730 1242 2793 characteristica»
1259 2727 1331 2790 huie

147 2839 305 2890 structurae
328 2830 516 2903 adhaereant,
528 2831 733 2910 inspiciamus
769 2832 849 2894 Sunt
863 2832 1113 2894 commutationes
1126 2830 1246 2910 quidem
1262 2849 1330 2908 per-

147 2948 229 2990 sonae
259 2938 291 2990 et
313 2931 395 2992 modi
423 2927 623 3005 (sPersonen-
646 2933 708 2992 oud
729 2929 1084 3015 Modusoereclriebunq»)
1100 2921 1142 3014 ³),
1171 2951 1235 3011 quae
1257 2930 1330 3010 quid

145 3030 325 3110 significent,
360 3051 415 3092 non
449 3051 524 3112 opus
548 3041 596 3093 est
623 3034 785 3112 explicare.
841 3036 931 3114 Ergo,
964 3035 1144 3112 ubicumque
1176 3031 1222 3092 hae
1244 3048 1330 3092 com-

147 3132 333 3192 mutationes
356 3143 409 3192 aut
431 3131 532 3194 altera
555 3153 658 3194 aarum
682 3143 795 3207 exstat,
814 3133 895 3213 jure,
918 3137 1016 3207 credo,
1040 3153 1083 3195 or.
1107 3133 1168 3196 obl.
1192 3131 1330 3192 nomina-

147 3239 205 3294 tur.
250 3231 371 3312 Lingua
403 3234 586 3295 sanseritica
614 3244 735 3296 tantum
766 3255 808 3296 or.
832 3256 855 3296 r.
879 3235 1020 3309 adhibet3
1051 3234 1106 3296 scd
1130 3242 1165 3294 ut
1186 3234 1227 3305 id,
1250 3233 1328 3312 quod

146 3351 181 3392 cr
216 3332 345 3412 alicujus
379 3331 470 3415 (alius
499 3345 553 3396 aut
576 3334 686 3417 ipsius)
709 3346 808 3397 mente
832 3337 1055 3416 pronuntiatur,
1079 3335 1241 3396 orclatum»
1263 3353 1330 3396 esse

146 3446 303 3512 appareat,
338 3453 398 3495 vox
431 3435 466 3496 ia
498 3433 566 3517 (aut
594 3435 653 3520 so),
685 3445 718 3497 ut
743 3437 879 3517 »signum
904 3432 1142 3498 declarativum»
1165 3425 1329 3517 (rrZeichen

146 3531 199 3593 der
232 3534 446 3615 Anldhrung»,
479 3535 646 3616 saepissime
669 3537 801 3599 additur.
844 3537 892 3600 De
924 3557 980 3618 qua
1004 3556 1078 3598 voco
1101 3538 1137 3598 cl.
1160 3535 1265 3598 Delbr.
1285 3525 1330 3616 ⁴),

146 3634 194 3712 qui
221 3653 237 3693 a
261 3634 355 3696 lexico
379 3636 557 3698 sanseritico
580 3658 598 3698 a
620 3638 911 3718 Bourtingt-Roth
935 3639 1104 3717 conscripto
1128 3637 1190 3698 brec
1208 3643 1329 3696 mutua·
1412 3667 1417 3676 ·

146 3742 206 3796 tur:
229 3733 311 3796 »Das
333 3735 503 3798 Wdrtchen
537 3737 571 3798 iti
605 3737 681 3800 wird
715 3739 880 3818 gebraucht
914 3739 961 3800 bei
993 3738 1223 3823 Ant'iibrungen
1251 3736 1332 3798 aller

146 3875 342 3890 m

213 3943 235 4006 1)’
253 3948 293 3997 Cf.
313 3947 506 4010 syncletische
524 3949 718 4014 Forachnngen
735 3965 789 4000 von
807 3953 835 3999 Β.
854 3951 993 4001 Delbrllck
1010 3951 1066 4000 und
1084 3952 1114 4000 E.
1132 3949 1281 4000 Windisch.
1294 3971 1329 3982 -

144 4028 236 4080 Brster
253 4033 338 4081 Band.
373 4034 428 4082 Der
448 4034 591 4084 Gabrauch
610 4035 659 4086 des
677 4034 854 4098 conjunctius
872 4036 928 4086 und
945 4037 1072 4098 Optatira
1090 4031 1329 4084 imSanskritnnd

145 4112 338 4166 Griechischen
356 4131 409 4166 von
426 4119 455 4166 B.
474 4119 622 4168 Delbriick.
657 4119 738 4168 Helle
758 4120 830 4170 1871.
866 4121 928 4184 Pag.
948 4122 979 4176 ta
998 4135 1057 4184 sqq.

209 4194 232 4258 ¹)
251 4201 292 4250 Of.
310 4200 430 4264 Bebagh.
449 4216 475 4264 p.
495 4203 525 4252 13
539 4217 604 4266 aqq.

209 4280 231 4342 ²)
249 4285 341 4334 Delbr.
361 4300 387 4347 p.
407 4287 448 4336 79.

209 4364 232 4426 ⁴)
251 4383 276 4430 p.
296 4371 336 4418 81.
