<?xml version="1.0" encoding="UTF-8"?>
<!DOCTYPE html PUBLIC "-//W3C//DTD XHTML 1.0 Transitional//EN"
    "http://www.w3.org/TR/xhtml1/DTD/xhtml1-transitional.dtd">
<html xmlns="http://www.w3.org/1999/xhtml" xml:lang="en" lang="en">
 <head>
  <title>
</title>
<meta http-equiv="Content-Type" content="text/html;charset=utf-8" />
  <meta name='ocr-system' content='tesseract 3.04.00' />
  <meta name='ocr-capabilities' content='ocr_page ocr_carea ocr_par ocr_line ocrx_word'/>
</head>
<body>
  <div class='ocr_page' id='page_1' title='image "./deorationisobli00kullgoog_0046.png"; bbox 0 0 3134 4838; ppageno 0'>
   <div class='ocr_carea' id='block_1_1' title="bbox 1246 202 1284 258">
    <p class='ocr_par' dir='ltr' id='par_1_1' title="bbox 1246 202 1284 258">
     <span class='ocr_line' id='line_1_1' title="bbox 1246 202 1284 258; baseline 0.026 -1"><span class='ocrx_word' id='word_1_1' title='bbox 1246 202 1284 258; x_wconf 88' lang='grc'>33</span> 
     </span>
    </p>
   </div>
   <div class='ocr_carea' id='block_1_2' title="bbox 133 374 1327 460">
    <p class='ocr_par' dir='ltr' id='par_1_2' title="bbox 133 374 1327 460">
     <span class='ocr_line' id='line_1_2' title="bbox 133 374 1327 460; baseline -0.005 -22"><span class='ocrx_word' id='word_1_2' title='bbox 133 379 228 456; x_wconf 73' lang='lat' dir='ltr'>igitur</span> <span class='ocrx_word' id='word_1_3' title='bbox 252 378 441 454; x_wconf 83' lang='lat' dir='ltr'>judicemus?</span> <span class='ocrx_word' id='word_1_4' title='bbox 475 378 637 440; x_wconf 82' lang='lat' dir='ltr'>Sententia</span> <span class='ocrx_word' id='word_1_5' title='bbox 659 377 805 456; x_wconf 77' lang='lat' dir='ltr'>Madvigii</span> <span class='ocrx_word' id='word_1_6' title='bbox 829 376 903 460; x_wconf 67' lang='grc' dir='ltr'><strong>(ΚΓ.</strong></span> <span class='ocrx_word' id='word_1_7' title='bbox 927 375 989 458; x_wconf 77' lang='lat' dir='ltr'>Cb)</span> <span class='ocrx_word' id='word_1_8' title='bbox 1012 375 1183 438; x_wconf 87' lang='lat' dir='ltr'>confirmari</span> <span class='ocrx_word' id='word_1_9' title='bbox 1208 374 1327 434; x_wconf 85' lang='lat' dir='ltr'>videtur</span> 
     </span>
    </p>
   </div>
   <div class='ocr_carea' id='block_1_3' title="bbox 137 565 1326 668">
    <p class='ocr_par' dir='ltr' id='par_1_3' title="bbox 137 565 1326 668">
     <span class='ocr_line' id='line_1_3' title="bbox 137 565 1326 668; baseline -0.003 -26"><span class='ocrx_word' id='word_1_10' title='bbox 137 579 224 662; x_wconf 77' lang='grc' dir='ltr'><strong><em>σφᾶς</em></strong></span> <span class='ocrx_word' id='word_1_11' title='bbox 256 573 371 652; x_wconf 72' lang='grc' dir='ltr'><strong><em>αὐτοὺς</em></strong></span> <span class='ocrx_word' id='word_1_12' title='bbox 404 565 474 651; x_wconf 64' lang='lat' dir='ltr'>doris</span> <span class='ocrx_word' id='word_1_13' title='bbox 503 579 539 642; x_wconf 79' lang='grc' dir='ltr'>ἕν</span> <span class='ocrx_word' id='word_1_14' title='bbox 567 581 602 668; x_wconf 80' lang='grc' dir='ltr'>τῇ</span> <span class='ocrx_word' id='word_1_15' title='bbox 626 579 710 664; x_wconf 82' lang='grc' dir='ltr'><strong><em>νήσῳ</em></strong></span> <span class='ocrx_word' id='word_1_16' title='bbox 742 579 949 658; x_wconf 82' lang='grc' dir='ltr'><strong><em>παραδόντας</em></strong></span> <span class='ocrx_word' id='word_1_17' title='bbox 979 580 1106 662; x_wconf 78' lang='grc' dir='ltr'><strong><em>πρῶτον</em></strong></span> <span class='ocrx_word' id='word_1_18' title='bbox 1128 579 1326 660; x_wconf 69' lang='grc' dir='ltr'><strong><em>κομισθῆναι</em></strong></span> 
     </span>
    </p>
   </div>
   <div class='ocr_carea' id='block_1_4' title="bbox 131 673 1410 765">
    <p class='ocr_par' dir='ltr' id='par_1_4' title="bbox 131 673 1410 765">
     <span class='ocr_line' id='line_1_4' title="bbox 131 673 1410 765; baseline -0.003 -21"><span class='ocrx_word' id='word_1_19' title='bbox 131 678 303 762; x_wconf 72' lang='grc' dir='ltr'><strong><em>Ἀθήναζε,</em></strong></span> <span class='ocrx_word' id='word_1_20' title='bbox 326 673 495 744; x_wconf 74' lang='grc' dir='ltr'>ἐλθόντων</span> <span class='ocrx_word' id='word_1_21' title='bbox 518 679 553 743; x_wconf 80' lang='grc' dir='ltr'>δὲ</span> <span class='ocrx_word' id='word_1_22' title='bbox 576 682 655 765; x_wconf 77' lang='grc' dir='ltr'><strong><em>(τῶν</em></strong></span> <span class='ocrx_word' id='word_1_23' title='bbox 684 677 832 765; x_wconf 71' lang='grc' dir='ltr'><strong><em>ἀνδρῶν)</em></strong></span> <span class='ocrx_word' id='word_1_24' title='bbox 861 677 1090 753; x_wconf 74' lang='grc' dir='ltr'><strong><em>α’ποδόντας</em></strong></span> <span class='ocrx_word' id='word_1_25' title='bbox 1117 679 1325 756; x_wconf 67' lang='lat' dir='ltr'>Accedamu—</span> <span class='ocrx_word' id='word_1_26' title='bbox 1402 675 1410 694; x_wconf 84' lang='lat'>&#39;</span> 
     </span>
    </p>
   </div>
   <div class='ocr_carea' id='block_1_5' title="bbox 82 779 1326 2179">
    <p class='ocr_par' dir='ltr' id='par_1_5' title="bbox 82 779 1326 2179">
     <span class='ocr_line' id='line_1_5' title="bbox 136 779 1324 868; baseline -0.005 -20"><span class='ocrx_word' id='word_1_27' title='bbox 136 788 225 855; x_wconf 78' lang='grc' dir='ltr'><strong><em>’νίοος</em></strong></span> <span class='ocrx_word' id='word_1_28' title='bbox 246 786 390 846; x_wconf 77' lang='grc' dir='ltr'><strong><em>Νίσαιαν</em></strong></span> <span class='ocrx_word' id='word_1_29' title='bbox 412 788 467 846; x_wconf 77' lang='grc' dir='ltr'><strong><em>καὶ</em></strong></span> <span class='ocrx_word' id='word_1_30' title='bbox 489 779 600 865; x_wconf 75' lang='grc' dir='ltr'><strong><em>Πηγὰς</em></strong></span> <span class='ocrx_word' id='word_1_31' title='bbox 623 787 677 844; x_wconf 76' lang='grc' dir='ltr'><strong><em>καὶ</em></strong></span> <span class='ocrx_word' id='word_1_32' title='bbox 703 781 861 868; x_wconf 80' lang='grc' dir='ltr'><strong><em>Τροιζῆνα</em></strong></span> <span class='ocrx_word' id='word_1_33' title='bbox 883 789 938 846; x_wconf 81' lang='grc' dir='ltr'><strong><em>καὶ</em></strong></span> <span class='ocrx_word' id='word_1_34' title='bbox 957 779 1092 862; x_wconf 75' lang='grc' dir='ltr'><strong><em>Ἀχαΐαν</em></strong></span> <span class='ocrx_word' id='word_1_35' title='bbox 1114 819 1154 827; x_wconf 92' lang='grc'>-</span> <span class='ocrx_word' id='word_1_36' title='bbox 1174 819 1211 827; x_wconf 84' lang='grc'>-·</span> <span class='ocrx_word' id='word_1_37' title='bbox 1233 785 1324 861; x_wconf 78' lang='grc' dir='ltr'><strong><em>κομί-</em></strong></span> 
     </span>
     <span class='ocr_line' id='line_1_6' title="bbox 134 881 1326 972; baseline -0.003 -24"><span class='ocrx_word' id='word_1_38' title='bbox 134 888 262 948; x_wconf 64' lang='grc' dir='ltr'><strong><em>σασθαι</em></strong></span> <span class='ocrx_word' id='word_1_39' title='bbox 295 881 367 959; x_wconf 81' lang='grc' dir='ltr'><strong><em>τοδς</em></strong></span> <span class='ocrx_word' id='word_1_40' title='bbox 399 884 523 966; x_wconf 80' lang='grc' dir='ltr'><strong><em>ἄνδρας</em></strong></span> <span class='ocrx_word' id='word_1_41' title='bbox 550 891 606 947; x_wconf 85' lang='grc' dir='ltr'><strong><em>καὶ</em></strong></span> <span class='ocrx_word' id='word_1_42' title='bbox 633 883 777 958; x_wconf 77' lang='grc' dir='ltr'><strong><em>σπονδὰς</em></strong></span> <span class='ocrx_word' id='word_1_43' title='bbox 808 887 1012 963; x_wconf 66' lang='grc' dir='ltr'><strong><em>ποιήσασθαι</em></strong></span> <span class='ocrx_word' id='word_1_44' title='bbox 1040 881 1161 948; x_wconf 82' lang='grc' dir='ltr'>ὁπόσον</span> <span class='ocrx_word' id='word_1_45' title='bbox 1183 884 1226 946; x_wconf 79' lang='grc' dir='ltr'>ἄν</span> <span class='ocrx_word' id='word_1_46' title='bbox 1248 883 1326 972; x_wconf 77' lang='grc' dir='ltr'><strong><em>δοκῇ</em></strong></span> 
     </span>
     <span class='ocr_line' id='line_1_7' title="bbox 132 983 1323 1072; baseline -0.003 -22"><span class='ocrx_word' id='word_1_47' title='bbox 132 990 251 1070; x_wconf 85' lang='grc' dir='ltr'><strong><em>χρόνον</em></strong></span> <span class='ocrx_word' id='word_1_48' title='bbox 284 983 485 1070; x_wconf 81' lang='grc' dir='ltr'><strong><em>οἷμφοτέροις.</em></strong></span> <span class='ocrx_word' id='word_1_49' title='bbox 538 991 577 1050; x_wconf 92' lang='grc' dir='ltr'>Η.</span> <span class='ocrx_word' id='word_1_50' title='bbox 608 989 627 1048; x_wconf 88' lang='lat' dir='ltr'>l.</span> <span class='ocrx_word' id='word_1_51' title='bbox 656 986 862 1069; x_wconf 72' lang='grc' dir='ltr'><strong><em>παραδόντας</em></strong></span> <span class='ocrx_word' id='word_1_52' title='bbox 895 1000 924 1050; x_wconf 87' lang='lat' dir='ltr'>et</span> <span class='ocrx_word' id='word_1_53' title='bbox 957 989 1155 1072; x_wconf 66' lang='grc' dir='ltr'><strong><em>κομισθῆναι</em></strong></span> <span class='ocrx_word' id='word_1_54' title='bbox 1188 993 1323 1066; x_wconf 86' lang='lat' dir='ltr'>tempore</span> 
     </span>
     <span class='ocr_line' id='line_1_8' title="bbox 82 1082 1324 1171; baseline -0.001 -21"><span class='ocrx_word' id='word_1_55' title='bbox 82 1131 86 1136; x_wconf 92' lang='lat'>-</span> <span class='ocrx_word' id='word_1_56' title='bbox 131 1092 304 1170; x_wconf 78' lang='lat' dir='ltr'>praecedere</span> <span class='ocrx_word' id='word_1_57' title='bbox 329 1091 442 1151; x_wconf 91' lang='lat' dir='ltr'>notioni</span> <span class='ocrx_word' id='word_1_58' title='bbox 465 1086 609 1162; x_wconf 80' lang='grc' dir='ltr'><strong><em>σπονδὰς</em></strong></span> <span class='ocrx_word' id='word_1_59' title='bbox 632 1089 748 1171; x_wconf 61' lang='lat' dir='ltr'>notio,</span> <span class='ocrx_word' id='word_1_60' title='bbox 771 1092 803 1151; x_wconf 93' lang='lat' dir='ltr'>in</span> <span class='ocrx_word' id='word_1_61' title='bbox 829 1099 969 1170; x_wconf 92' lang='lat' dir='ltr'>promptu</span> <span class='ocrx_word' id='word_1_62' title='bbox 983 1100 1036 1150; x_wconf 89' lang='lat' dir='ltr'>est.</span> <span class='ocrx_word' id='word_1_63' title='bbox 1067 1091 1128 1152; x_wconf 89' lang='lat' dir='ltr'>Sed</span> <span class='ocrx_word' id='word_1_64' title='bbox 1142 1082 1324 1159; x_wconf 74' lang='lat' dir='ltr'>or&#39;rrodo&#39;rcorc</span> 
     </span>
     <span class='ocr_line' id='line_1_9' title="bbox 133 1189 1321 1271; baseline -0.003 -19"><span class='ocrx_word' id='word_1_65' title='bbox 133 1195 279 1253; x_wconf 75' lang='grc' dir='ltr'><strong><em>Νίσαιαν</em></strong></span> <span class='ocrx_word' id='word_1_66' title='bbox 300 1213 328 1251; x_wconf 81' lang='grc' dir='ltr'>κ.</span> <span class='ocrx_word' id='word_1_67' title='bbox 351 1213 376 1250; x_wconf 89' lang='grc' dir='ltr'>τ.</span> <span class='ocrx_word' id='word_1_68' title='bbox 400 1189 450 1251; x_wconf 84' lang='lat' dir='ltr'>l.?</span> <span class='ocrx_word' id='word_1_69' title='bbox 473 1192 687 1253; x_wconf 86' lang='lat' dir='ltr'>Poterautilla</span> <span class='ocrx_word' id='word_1_70' title='bbox 701 1192 824 1271; x_wconf 87' lang='lat' dir='ltr'>quidem</span> <span class='ocrx_word' id='word_1_71' title='bbox 838 1191 964 1269; x_wconf 85' lang='lat' dir='ltr'>cogitari</span> <span class='ocrx_word' id='word_1_72' title='bbox 985 1191 1085 1252; x_wconf 84' lang='lat' dir='ltr'>eodem</span> <span class='ocrx_word' id='word_1_73' title='bbox 1104 1199 1237 1268; x_wconf 91' lang='lat' dir='ltr'>tempore</span> <span class='ocrx_word' id='word_1_74' title='bbox 1257 1210 1321 1251; x_wconf 86' lang='lat' dir='ltr'>esse</span> 
     </span>
     <span class='ocr_line' id='line_1_10' title="bbox 132 1288 1320 1374; baseline -0.003 -25"><span class='ocrx_word' id='word_1_75' title='bbox 132 1292 197 1374; x_wconf 79' lang='lat' dir='ltr'>(uin</span> <span class='ocrx_word' id='word_1_76' title='bbox 223 1293 285 1354; x_wconf 82' lang='lat' dir='ltr'>urrd</span> <span class='ocrx_word' id='word_1_77' title='bbox 309 1293 365 1354; x_wconf 91' lang='lat' dir='ltr'>mit</span> <span class='ocrx_word' id='word_1_78' title='bbox 387 1293 440 1352; x_wconf 90' lang='lat' dir='ltr'>der</span> <span class='ocrx_word' id='word_1_79' title='bbox 463 1293 661 1369; x_wconf 83' lang='lat' dir='ltr'>Zurilckgabe</span> <span class='ocrx_word' id='word_1_80' title='bbox 687 1292 774 1370; x_wconf 90' lang='lat' dir='ltr'>jener</span> <span class='ocrx_word' id='word_1_81' title='bbox 798 1291 872 1352; x_wconf 91' lang='lat' dir='ltr'>Orte</span> <span class='ocrx_word' id='word_1_82' title='bbox 895 1289 953 1351; x_wconf 72' lang='lat' dir='ltr'>dbn</span> <span class='ocrx_word' id='word_1_83' title='bbox 977 1291 1107 1352; x_wconf 84' lang='lat' dir='ltr'>Frieden</span> <span class='ocrx_word' id='word_1_84' title='bbox 1132 1288 1320 1371; x_wconf 78' lang='lat' dir='ltr'>erhalteu»);</span> 
     </span>
     <span class='ocr_line' id='line_1_11' title="bbox 129 1391 1320 1474; baseline -0.003 -20"><span class='ocrx_word' id='word_1_85' title='bbox 129 1395 183 1454; x_wconf 87' lang='lat' dir='ltr'>sed</span> <span class='ocrx_word' id='word_1_86' title='bbox 209 1404 239 1454; x_wconf 91' lang='lat' dir='ltr'>et</span> <span class='ocrx_word' id='word_1_87' title='bbox 261 1394 327 1470; x_wconf 91' lang='lat' dir='ltr'>ipsa</span> <span class='ocrx_word' id='word_1_88' title='bbox 351 1393 502 1472; x_wconf 81' lang='lat' dir='ltr'>positione</span> <span class='ocrx_word' id='word_1_89' title='bbox 526 1391 609 1474; x_wconf 81' lang='lat' dir='ltr'>(aute</span> <span class='ocrx_word' id='word_1_90' title='bbox 631 1392 747 1456; x_wconf 86' lang='grc' dir='ltr'><strong><em>σπονδ.</em></strong></span> <span class='ocrx_word' id='word_1_91' title='bbox 770 1391 891 1474; x_wconf 81' lang='grc' dir='ltr'><strong><em>ποιήσ.)</em></strong></span> <span class='ocrx_word' id='word_1_92' title='bbox 916 1401 946 1453; x_wconf 88' lang='lat' dir='ltr'>et</span> <span class='ocrx_word' id='word_1_93' title='bbox 968 1393 1121 1454; x_wconf 89' lang='lat' dir='ltr'>sententia</span> <span class='ocrx_word' id='word_1_94' title='bbox 1143 1391 1237 1453; x_wconf 90' lang='lat' dir='ltr'>totius</span> <span class='ocrx_word' id='word_1_95' title='bbox 1260 1391 1320 1452; x_wconf 85' lang='lat' dir='ltr'>loci</span> 
     </span>
     <span class='ocr_line' id='line_1_12' title="bbox 129 1477 1321 1576; baseline -0.003 -22"><span class='ocrx_word' id='word_1_96' title='bbox 129 1495 208 1574; x_wconf 85' lang='lat' dir='ltr'>(qua</span> <span class='ocrx_word' id='word_1_97' title='bbox 232 1494 360 1554; x_wconf 83' lang='lat' dir='ltr'>eminere</span> <span class='ocrx_word' id='word_1_98' title='bbox 392 1493 519 1566; x_wconf 67' lang='lat' dir='ltr'>videtur„</span> <span class='ocrx_word' id='word_1_99' title='bbox 554 1493 695 1555; x_wconf 82' lang='lat' dir='ltr'>Cleonem</span> <span class='ocrx_word' id='word_1_100' title='bbox 720 1477 894 1576; x_wconf 74' lang='lat' dir='ltr'>deciperem</span> <span class='ocrx_word' id='word_1_101' title='bbox 918 1492 1100 1571; x_wconf 86' lang='lat' dir='ltr'>postulasse,</span> <span class='ocrx_word' id='word_1_102' title='bbox 1124 1491 1231 1554; x_wconf 83' lang='lat' dir='ltr'>utillo</span> <span class='ocrx_word' id='word_1_103' title='bbox 1255 1493 1321 1552; x_wconf 90' lang='lat' dir='ltr'>loca</span> 
     </span>
     <span class='ocr_line' id='line_1_13' title="bbox 129 1592 1320 1675; baseline -0.001 -22"><span class='ocrx_word' id='word_1_104' title='bbox 129 1596 329 1655; x_wconf 81' lang='lat' dir='ltr'>redderentur</span> <span class='ocrx_word' id='word_1_105' title='bbox 347 1594 438 1675; x_wconf 80' lang='lat' dir='ltr'>prius</span> <span class='ocrx_word' id='word_1_106' title='bbox 460 1613 549 1672; x_wconf 86' lang='lat' dir='ltr'>quam</span> <span class='ocrx_word' id='word_1_107' title='bbox 575 1595 688 1655; x_wconf 90' lang='lat' dir='ltr'>mentio</span> <span class='ocrx_word' id='word_1_108' title='bbox 713 1597 748 1653; x_wconf 90' lang='lat' dir='ltr'>de</span> <span class='ocrx_word' id='word_1_109' title='bbox 773 1615 846 1673; x_wconf 85' lang='lat' dir='ltr'>pace</span> <span class='ocrx_word' id='word_1_110' title='bbox 870 1592 971 1672; x_wconf 88' lang='lat' dir='ltr'>fieret)</span> <span class='ocrx_word' id='word_1_111' title='bbox 996 1613 1085 1672; x_wconf 88' lang='lat' dir='ltr'>quam</span> <span class='ocrx_word' id='word_1_112' title='bbox 1110 1593 1241 1654; x_wconf 86' lang='lat' dir='ltr'>maxime</span> <span class='ocrx_word' id='word_1_113' title='bbox 1253 1611 1320 1652; x_wconf 90' lang='lat' dir='ltr'>ere-</span> 
     </span>
     <span class='ocr_line' id='line_1_14' title="bbox 125 1688 1318 1777; baseline 0 -23"><span class='ocrx_word' id='word_1_114' title='bbox 125 1693 222 1756; x_wconf 87' lang='lat' dir='ltr'>dibile</span> <span class='ocrx_word' id='word_1_115' title='bbox 246 1705 300 1764; x_wconf 84' lang='lat' dir='ltr'>est,</span> <span class='ocrx_word' id='word_1_116' title='bbox 324 1695 416 1754; x_wconf 87' lang='lat' dir='ltr'>etiam</span> <span class='ocrx_word' id='word_1_117' title='bbox 441 1688 624 1766; x_wconf 81' lang='grc' dir='ltr'><strong><em>α’ποδόντας</em></strong></span> <span class='ocrx_word' id='word_1_118' title='bbox 638 1697 757 1756; x_wconf 89' lang='lat' dir='ltr'>notioni</span> <span class='ocrx_word' id='word_1_119' title='bbox 777 1694 890 1757; x_wconf 88' lang='grc' dir='ltr'><strong><em>οπονδ.</em></strong></span> <span class='ocrx_word' id='word_1_120' title='bbox 903 1717 969 1756; x_wconf 81' lang='grc' dir='ltr'><strong><em>ποι.</em></strong></span> <span class='ocrx_word' id='word_1_121' title='bbox 993 1703 1130 1772; x_wconf 86' lang='lat' dir='ltr'>tempore</span> <span class='ocrx_word' id='word_1_122' title='bbox 1139 1691 1318 1777; x_wconf 61' lang='lat' dir='ltr'>praeoedere.</span> 
     </span>
     <span class='ocr_line' id='line_1_15' title="bbox 129 1792 1317 1874; baseline -0.002 -20"><span class='ocrx_word' id='word_1_123' title='bbox 129 1793 333 1874; x_wconf 78' lang='lat' dir='ltr'><strong>Quamquam,</strong></span> <span class='ocrx_word' id='word_1_124' title='bbox 357 1796 483 1867; x_wconf 90' lang='lat' dir='ltr'>nullum,</span> <span class='ocrx_word' id='word_1_125' title='bbox 507 1798 607 1868; x_wconf 87' lang='lat' dir='ltr'>credo,</span> <span class='ocrx_word' id='word_1_126' title='bbox 632 1804 844 1874; x_wconf 81' lang='lat' dir='ltr'>argumentum</span> <span class='ocrx_word' id='word_1_127' title='bbox 869 1795 1008 1858; x_wconf 87' lang='lat' dir='ltr'>veritatis</span> <span class='ocrx_word' id='word_1_128' title='bbox 1032 1796 1156 1856; x_wconf 89' lang='lat' dir='ltr'>istorum</span> <span class='ocrx_word' id='word_1_129' title='bbox 1170 1792 1317 1873; x_wconf 90' lang='lat' dir='ltr'>opinionis</span> 
     </span>
     <span class='ocr_line' id='line_1_16' title="bbox 127 1895 1316 1978; baseline -0.001 -24"><span class='ocrx_word' id='word_1_130' title='bbox 127 1896 160 1954; x_wconf 93' lang='lat' dir='ltr'>in</span> <span class='ocrx_word' id='word_1_131' title='bbox 186 1896 395 1975; x_wconf 41' lang='lat' dir='ltr'>nostrisploeis</span> <span class='ocrx_word' id='word_1_132' title='bbox 414 1897 589 1974; x_wconf 88' lang='lat' dir='ltr'>judicandis</span> <span class='ocrx_word' id='word_1_133' title='bbox 614 1897 730 1958; x_wconf 88' lang='lat' dir='ltr'>ex.hoc</span> <span class='ocrx_word' id='word_1_134' title='bbox 754 1898 937 1978; x_wconf 83' lang='lat' dir='ltr'>acquiritur3</span> <span class='ocrx_word' id='word_1_135' title='bbox 962 1914 1019 1956; x_wconf 92' lang='lat' dir='ltr'>non</span> <span class='ocrx_word' id='word_1_136' title='bbox 1044 1915 1113 1957; x_wconf 88' lang='lat' dir='ltr'>raro</span> <span class='ocrx_word' id='word_1_137' title='bbox 1135 1896 1215 1970; x_wconf 79' lang='lat' dir='ltr'>enim</span> <span class='ocrx_word' id='word_1_138' title='bbox 1234 1895 1316 1954; x_wconf 87' lang='lat' dir='ltr'>acci·</span> 
     </span>
     <span class='ocr_line' id='line_1_17' title="bbox 128 1993 1316 2078; baseline 0.002 -26"><span class='ocrx_word' id='word_1_139' title='bbox 128 1996 186 2064; x_wconf 81' lang='lat' dir='ltr'>dit,</span> <span class='ocrx_word' id='word_1_140' title='bbox 210 2005 242 2054; x_wconf 91' lang='lat' dir='ltr'>ut</span> <span class='ocrx_word' id='word_1_141' title='bbox 263 1998 399 2074; x_wconf 83' lang='lat' dir='ltr'>superior</span> <span class='ocrx_word' id='word_1_142' title='bbox 422 1997 619 2057; x_wconf 86' lang='lat' dir='ltr'>adversarius</span> <span class='ocrx_word' id='word_1_143' title='bbox 643 1997 686 2056; x_wconf 90' lang='lat' dir='ltr'>sio</span> <span class='ocrx_word' id='word_1_144' title='bbox 710 1997 897 2078; x_wconf 90' lang='lat' dir='ltr'>loqueretur:</span> <span class='ocrx_word' id='word_1_145' title='bbox 921 1997 1069 2077; x_wconf 88' lang='lat' dir='ltr'>»primum</span> <span class='ocrx_word' id='word_1_146' title='bbox 1093 1997 1166 2057; x_wconf 90' lang='lat' dir='ltr'>mihi</span> <span class='ocrx_word' id='word_1_147' title='bbox 1191 1996 1229 2054; x_wconf 88' lang='lat' dir='ltr'>da</span> <span class='ocrx_word' id='word_1_148' title='bbox 1252 1993 1316 2054; x_wconf 84' lang='lat' dir='ltr'>haee</span> 
     </span>
     <span class='ocr_line' id='line_1_18' title="bbox 130 2093 1315 2179; baseline 0 -26"><span class='ocrx_word' id='word_1_149' title='bbox 130 2106 174 2138; x_wconf 68' lang='lat'>-1</span> <span class='ocrx_word' id='word_1_150' title='bbox 197 2093 303 2156; x_wconf 88' lang='lat' dir='ltr'>deiude</span> <span class='ocrx_word' id='word_1_151' title='bbox 325 2098 360 2157; x_wconf 89' lang='lat' dir='ltr'>de</span> <span class='ocrx_word' id='word_1_152' title='bbox 385 2117 456 2176; x_wconf 89' lang='lat' dir='ltr'>pace</span> <span class='ocrx_word' id='word_1_153' title='bbox 479 2097 657 2158; x_wconf 85' lang='lat' dir='ltr'>videamus»</span> <span class='ocrx_word' id='word_1_154' title='bbox 681 2095 796 2179; x_wconf 91' lang='lat' dir='ltr'>(nonne</span> <span class='ocrx_word' id='word_1_155' title='bbox 821 2100 878 2159; x_wconf 86' lang='lat' dir='ltr'>huc</span> <span class='ocrx_word' id='word_1_156' title='bbox 902 2098 1005 2159; x_wconf 88' lang='lat' dir='ltr'>referri</span> <span class='ocrx_word' id='word_1_157' title='bbox 1030 2105 1132 2176; x_wconf 91' lang='lat' dir='ltr'>potest</span> <span class='ocrx_word' id='word_1_158' title='bbox 1147 2097 1237 2157; x_wconf 86' lang='lat' dir='ltr'>&#39;loeus</span> <span class='ocrx_word' id='word_1_159' title='bbox 1264 2094 1315 2155; x_wconf 90' lang='lat' dir='ltr'>ille</span> 
     </span>
    </p>
   </div>
   <div class='ocr_carea' id='block_1_6' title="bbox 124 2185 1352 2284">
    <p class='ocr_par' dir='ltr' id='par_1_6' title="bbox 124 2185 1352 2284">
     <span class='ocr_line' id='line_1_19' title="bbox 124 2185 1352 2284; baseline 0.002 -31"><span class='ocrx_word' id='word_1_160' title='bbox 124 2194 315 2275; x_wconf 81' lang='lat' dir='ltr'>Lysianus?)</span> <span class='ocrx_word' id='word_1_161' title='bbox 351 2207 444 2278; x_wconf 87' lang='lat' dir='ltr'>atque</span> <span class='ocrx_word' id='word_1_162' title='bbox 491 2218 547 2257; x_wconf 96' lang='lat' dir='ltr'>non</span> <span class='ocrx_word' id='word_1_163' title='bbox 595 2199 694 2258; x_wconf 84' lang='lat' dir='ltr'>rarius</span> <span class='ocrx_word' id='word_1_164' title='bbox 733 2185 921 2284; x_wconf 42' lang='lat' dir='ltr'>(vel&#39;multo</span> <span class='ocrx_word' id='word_1_165' title='bbox 961 2199 1087 2279; x_wconf 64' lang='lat' dir='ltr'>saepius)</span> <span class='ocrx_word' id='word_1_166' title='bbox 1127 2197 1247 2268; x_wconf 88' lang='lat' dir='ltr'>accidit,</span> <span class='ocrx_word' id='word_1_167' title='bbox 1282 2205 1315 2256; x_wconf 88' lang='lat' dir='ltr'>ut</span> <span class='ocrx_word' id='word_1_168' title='bbox 1344 2185 1352 2201; x_wconf 77' lang='grc'><strong><em>’</em></strong></span> 
     </span>
    </p>
   </div>
   <div class='ocr_carea' id='block_1_7' title="bbox 107 2288 1313 3592">
    <p class='ocr_par' dir='ltr' id='par_1_7' title="bbox 107 2288 1313 3592">
     <span class='ocr_line' id='line_1_20' title="bbox 122 2288 1313 2382; baseline 0.003 -30"><span class='ocrx_word' id='word_1_169' title='bbox 122 2293 318 2371; x_wconf 87' lang='lat' dir='ltr'>conditiones</span> <span class='ocrx_word' id='word_1_170' title='bbox 342 2299 491 2375; x_wconf 88' lang='lat' dir='ltr'>pactionis</span> <span class='ocrx_word' id='word_1_171' title='bbox 516 2307 585 2376; x_wconf 88' lang='lat' dir='ltr'>post</span> <span class='ocrx_word' id='word_1_172' title='bbox 608 2299 724 2382; x_wconf 81' lang='lat' dir='ltr'>longius</span> <span class='ocrx_word' id='word_1_173' title='bbox 748 2311 802 2360; x_wconf 88' lang='lat' dir='ltr'>aut</span> <span class='ocrx_word' id='word_1_174' title='bbox 826 2301 946 2361; x_wconf 87' lang='lat' dir='ltr'>brevius</span> <span class='ocrx_word' id='word_1_175' title='bbox 970 2288 1089 2359; x_wconf 84' lang='lat' dir='ltr'>demoni</span> <span class='ocrx_word' id='word_1_176' title='bbox 1112 2310 1235 2376; x_wconf 90' lang='lat' dir='ltr'>tempus</span> <span class='ocrx_word' id='word_1_177' title='bbox 1258 2315 1313 2356; x_wconf 86' lang='lat' dir='ltr'>ex-</span> 
     </span>
     <span class='ocr_line' id='line_1_21' title="bbox 121 2395 1313 2479; baseline 0.002 -25"><span class='ocrx_word' id='word_1_178' title='bbox 121 2395 203 2455; x_wconf 88' lang='lat' dir='ltr'>solvi</span> <span class='ocrx_word' id='word_1_179' title='bbox 225 2407 360 2474; x_wconf 81' lang='lat' dir='ltr'>possent.</span> <span class='ocrx_word' id='word_1_180' title='bbox 405 2398 509 2479; x_wconf 83' lang='lat' dir='ltr'>Atque</span> <span class='ocrx_word' id='word_1_181' title='bbox 533 2399 706 2477; x_wconf 81' lang='lat' dir='ltr'>respicienti</span> <span class='ocrx_word' id='word_1_182' title='bbox 730 2400 802 2460; x_wconf 89' lang='lat' dir='ltr'>mihi</span> <span class='ocrx_word' id='word_1_183' title='bbox 827 2403 862 2461; x_wconf 90' lang='lat' dir='ltr'>ad</span> <span class='ocrx_word' id='word_1_184' title='bbox 887 2400 959 2460; x_wconf 88' lang='lat' dir='ltr'>illud</span> <span class='ocrx_word' id='word_1_185' title='bbox 985 2399 1024 2470; x_wconf 85' lang='lat' dir='ltr'>V,</span> <span class='ocrx_word' id='word_1_186' title='bbox 1048 2395 1097 2474; x_wconf 78' lang='lat'>77,</span> <span class='ocrx_word' id='word_1_187' title='bbox 1124 2400 1152 2470; x_wconf 82' lang='lat' dir='ltr'>l,</span> <span class='ocrx_word' id='word_1_188' title='bbox 1175 2398 1313 2458; x_wconf 77' lang='lat' dir='ltr'>ubixaa-</span> 
     </span>
     <span class='ocr_line' id='line_1_22' title="bbox 118 2492 1313 2582; baseline 0.003 -27"><span class='ocrx_word' id='word_1_189' title='bbox 118 2492 200 2558; x_wconf 80' lang='grc' dir='ltr'><strong><em>τάδε</em></strong></span> <span class='ocrx_word' id='word_1_190' title='bbox 222 2507 324 2575; x_wconf 86' lang='lat' dir='ltr'>aperte</span> <span class='ocrx_word' id='word_1_191' title='bbox 341 2509 534 2582; x_wconf 81' lang='lat' dir='ltr'>proeocoupct</span> <span class='ocrx_word' id='word_1_192' title='bbox 557 2494 774 2572; x_wconf 73' lang='grc' dir='ltr'><strong><em>ἀποδιδόντας</em></strong></span> <span class='ocrx_word' id='word_1_193' title='bbox 798 2537 832 2546; x_wconf 28' lang='lat'>⁴..</span> <span class='ocrx_word' id='word_1_194' title='bbox 858 2501 1018 2580; x_wconf 78' lang='grc' dir='ltr'><strong><em>ἐκβῶντας</em></strong></span> <span class='ocrx_word' id='word_1_195' title='bbox 1038 2536 1073 2544; x_wconf 70' lang='lat'>—</span> <span class='ocrx_word' id='word_1_196' title='bbox 1098 2495 1313 2578; x_wconf 71' lang='grc' dir='ltr'><strong><em>ἀναιροῦντας</em></strong></span> 
     </span>
     <span class='ocr_line' id='line_1_23' title="bbox 119 2596 1311 2682; baseline 0.003 -25"><span class='ocrx_word' id='word_1_197' title='bbox 119 2608 154 2657; x_wconf 86' lang='lat' dir='ltr'>et</span> <span class='ocrx_word' id='word_1_198' title='bbox 184 2596 363 2660; x_wconf 83' lang='lat' dir='ltr'>deliberanti</span> <span class='ocrx_word' id='word_1_199' title='bbox 395 2599 530 2661; x_wconf 77' lang='grc' dir='ltr'><strong><em>καττοὶδε</em></strong></span> <span class='ocrx_word' id='word_1_200' title='bbox 563 2620 685 2680; x_wconf 88' lang='lat' dir='ltr'>prorsus</span> <span class='ocrx_word' id='word_1_201' title='bbox 718 2602 797 2662; x_wconf 89' lang='lat' dir='ltr'>idem</span> <span class='ocrx_word' id='word_1_202' title='bbox 831 2603 1000 2682; x_wconf 85' lang='lat' dir='ltr'>significare</span> <span class='ocrx_word' id='word_1_203' title='bbox 1034 2611 1125 2682; x_wconf 87' lang='lat' dir='ltr'>atque</span> <span class='ocrx_word' id='word_1_204' title='bbox 1159 2601 1230 2661; x_wconf 88' lang='lat' dir='ltr'>alibi</span> <span class='ocrx_word' id='word_1_205' title='bbox 1258 2599 1311 2661; x_wconf 78' lang='grc' dir='ltr'><strong><em>ἐπὶ</em></strong></span> 
     </span>
     <span class='ocr_line' id='line_1_24' title="bbox 117 2695 1310 2787; baseline 0.003 -29"><span class='ocrx_word' id='word_1_206' title='bbox 117 2697 236 2769; x_wconf 81' lang='grc' dir='ltr'><strong><em>ταῖσδε,</em></strong></span> <span class='ocrx_word' id='word_1_207' title='bbox 260 2718 318 2760; x_wconf 92' lang='lat' dir='ltr'>non</span> <span class='ocrx_word' id='word_1_208' title='bbox 343 2702 470 2762; x_wconf 87' lang='lat' dir='ltr'>multum</span> <span class='ocrx_word' id='word_1_209' title='bbox 494 2721 569 2762; x_wconf 89' lang='lat' dir='ltr'>sane</span> <span class='ocrx_word' id='word_1_210' title='bbox 593 2702 711 2763; x_wconf 87' lang='lat' dir='ltr'>videtur</span> <span class='ocrx_word' id='word_1_211' title='bbox 733 2724 750 2761; x_wconf 89' lang='lat' dir='ltr'>a</span> <span class='ocrx_word' id='word_1_212' title='bbox 773 2703 872 2781; x_wconf 75' lang='lat' dir='ltr'>signif,</span> <span class='ocrx_word' id='word_1_213' title='bbox 895 2703 945 2785; x_wconf 77' lang='grc' dir='ltr'>ἐφ’</span> <span class='ocrx_word' id='word_1_214' title='bbox 968 2695 1060 2787; x_wconf 79' lang='grc' dir='ltr'><strong><em>ᾦ(τε)</em></strong></span> <span class='ocrx_word' id='word_1_215' title='bbox 1085 2702 1131 2762; x_wconf 89' lang='lat' dir='ltr'>vel</span> <span class='ocrx_word' id='word_1_216' title='bbox 1155 2699 1232 2761; x_wconf 75' lang='lat' dir='ltr'>aiore</span> <span class='ocrx_word' id='word_1_217' title='bbox 1253 2704 1310 2762; x_wconf 89' lang='lat' dir='ltr'>ab·</span> 
     </span>
     <span class='ocr_line' id='line_1_25' title="bbox 117 2801 1310 2880; baseline 0.003 -20"><span class='ocrx_word' id='word_1_218' title='bbox 117 2817 205 2874; x_wconf 83' lang='lat' dir='ltr'>esse3</span> <span class='ocrx_word' id='word_1_219' title='bbox 229 2811 282 2860; x_wconf 91' lang='lat' dir='ltr'>aut</span> <span class='ocrx_word' id='word_1_220' title='bbox 306 2801 436 2862; x_wconf 81' lang='lat' dir='ltr'>tortasse</span> <span class='ocrx_word' id='word_1_221' title='bbox 460 2802 565 2863; x_wconf 92' lang='lat' dir='ltr'>melior</span> <span class='ocrx_word' id='word_1_222' title='bbox 592 2814 639 2863; x_wconf 91' lang='lat' dir='ltr'>est</span> <span class='ocrx_word' id='word_1_223' title='bbox 662 2803 825 2880; x_wconf 81' lang='lat' dir='ltr'>explicatio</span> <span class='ocrx_word' id='word_1_224' title='bbox 849 2806 1003 2866; x_wconf 82' lang='lat' dir='ltr'>lloehmii:</span> <span class='ocrx_word' id='word_1_225' title='bbox 1026 2805 1121 2864; x_wconf 83' lang='lat' dir='ltr'>»Was</span> <span class='ocrx_word' id='word_1_226' title='bbox 1147 2805 1175 2864; x_wconf 93' lang='lat' dir='ltr'>in</span> <span class='ocrx_word' id='word_1_227' title='bbox 1198 2803 1310 2865; x_wconf 89' lang='lat' dir='ltr'>Wirk-</span> 
     </span>
     <span class='ocr_line' id='line_1_26' title="bbox 116 2901 1307 2986; baseline 0.003 -26"><span class='ocrx_word' id='word_1_228' title='bbox 116 2901 248 2961; x_wconf 88' lang='lat' dir='ltr'>lichkeit</span> <span class='ocrx_word' id='word_1_229' title='bbox 280 2901 328 2961; x_wconf 91' lang='lat' dir='ltr'>die</span> <span class='ocrx_word' id='word_1_230' title='bbox 360 2902 593 2982; x_wconf 84' lang='lat' dir='ltr'>Bedingungen,</span> <span class='ocrx_word' id='word_1_231' title='bbox 625 2903 671 2963; x_wconf 90' lang='lat' dir='ltr'>die</span> <span class='ocrx_word' id='word_1_232' title='bbox 711 2905 924 2986; x_wconf 81' lang='lat' dir='ltr'>Forderungen</span> <span class='ocrx_word' id='word_1_233' title='bbox 957 2908 1009 2966; x_wconf 90' lang='lat' dir='ltr'>des</span> <span class='ocrx_word' id='word_1_234' title='bbox 1037 2906 1204 2982; x_wconf 79' lang='lat' dir='ltr'>Vertrages</span> <span class='ocrx_word' id='word_1_235' title='bbox 1227 2903 1307 2976; x_wconf 87' lang='lat' dir='ltr'>sind,</span> 
     </span>
     <span class='ocr_line' id='line_1_27' title="bbox 116 2995 1308 3086; baseline -0.003 -25"><span class='ocrx_word' id='word_1_236' title='bbox 116 3000 196 3062; x_wconf 85' lang='lat' dir='ltr'>wird</span> <span class='ocrx_word' id='word_1_237' title='bbox 218 3000 390 3080; x_wconf 88' lang='lat' dir='ltr'>sprachlioh</span> <span class='ocrx_word' id='word_1_238' title='bbox 415 3004 460 3062; x_wconf 87' lang='lat' dir='ltr'>als</span> <span class='ocrx_word' id='word_1_239' title='bbox 482 2995 676 3081; x_wconf 83' lang='lat' dir='ltr'>gleichzeitig</span> <span class='ocrx_word' id='word_1_240' title='bbox 690 3004 745 3063; x_wconf 88' lang='lat' dir='ltr'>mit</span> <span class='ocrx_word' id='word_1_241' title='bbox 759 3006 812 3064; x_wconf 86' lang='lat' dir='ltr'>der</span> <span class='ocrx_word' id='word_1_242' title='bbox 826 3006 1090 3086; x_wconf 84' lang='lat' dir='ltr'>Haupthandlung</span> <span class='ocrx_word' id='word_1_243' title='bbox 1114 3004 1308 3082; x_wconf 82' lang='lat' dir='ltr'>dargestellt»</span> 
     </span>
     <span class='ocr_line' id='line_1_28' title="bbox 115 3097 1306 3188; baseline 0.001 -26"><span class='ocrx_word' id='word_1_244' title='bbox 115 3097 216 3188; x_wconf 86' lang='lat' dir='ltr'>(qnod</span> <span class='ocrx_word' id='word_1_245' title='bbox 239 3102 336 3178; x_wconf 87' lang='lat' dir='ltr'>ipsum</span> <span class='ocrx_word' id='word_1_246' title='bbox 362 3103 466 3163; x_wconf 85' lang='lat' dir='ltr'>Madv.</span> <span class='ocrx_word' id='word_1_247' title='bbox 490 3106 605 3183; x_wconf 81' lang='lat' dir='ltr'>negat).</span> <span class='ocrx_word' id='word_1_248' title='bbox 648 3105 719 3166; x_wconf 88' lang='lat' dir='ltr'>Jam</span> <span class='ocrx_word' id='word_1_249' title='bbox 743 3122 815 3164; x_wconf 92' lang='lat' dir='ltr'>vero</span> <span class='ocrx_word' id='word_1_250' title='bbox 839 3117 944 3168; x_wconf 81' lang='lat' dir='ltr'>contra</span> <span class='ocrx_word' id='word_1_251' title='bbox 967 3106 1033 3166; x_wconf 89' lang='lat' dir='ltr'>illos</span> <span class='ocrx_word' id='word_1_252' title='bbox 1048 3107 1137 3166; x_wconf 86' lang='lat' dir='ltr'>velim</span> <span class='ocrx_word' id='word_1_253' title='bbox 1162 3123 1306 3182; x_wconf 88' lang='lat' dir='ltr'>perspec-</span> 
     </span>
     <span class='ocr_line' id='line_1_29' title="bbox 115 3198 1304 3290; baseline 0.002 -28"><span class='ocrx_word' id='word_1_254' title='bbox 115 3215 149 3262; x_wconf 87' lang='lat' dir='ltr'>ta</span> <span class='ocrx_word' id='word_1_255' title='bbox 172 3201 252 3262; x_wconf 86' lang='lat' dir='ltr'>haec:</span> <span class='ocrx_word' id='word_1_256' title='bbox 281 3202 338 3272; x_wconf 86' lang='grc' dir='ltr'>ΙΙΙ,</span> <span class='ocrx_word' id='word_1_257' title='bbox 361 3202 411 3274; x_wconf 85' lang='grc'>90,</span> <span class='ocrx_word' id='word_1_258' title='bbox 434 3205 452 3262; x_wconf 87' lang='grc'><strong>3</strong></span> <span class='ocrx_word' id='word_1_259' title='bbox 475 3198 664 3285; x_wconf 71' lang='grc' dir='ltr'><strong><em>ἠνάγκασαν</em></strong></span> <span class='ocrx_word' id='word_1_260' title='bbox 691 3202 846 3285; x_wconf 78' lang='grc' dir='ltr'><strong><em>ὁμολογίᾳ</em></strong></span> <span class='ocrx_word' id='word_1_261' title='bbox 868 3210 923 3290; x_wconf 80' lang='grc' dir='ltr'>τήν</span> <span class='ocrx_word' id='word_1_262' title='bbox 945 3229 976 3268; x_wconf 83' lang='grc' dir='ltr'>τε</span> <span class='ocrx_word' id='word_1_263' title='bbox 999 3202 1176 3288; x_wconf 72' lang='grc' dir='ltr'><strong><em>ἀκρόπολιν</em></strong></span> <span class='ocrx_word' id='word_1_264' title='bbox 1198 3227 1304 3287; x_wconf 87' lang='grc' dir='ltr'><strong><em>παρα-</em></strong></span> 
     </span>
     <span class='ocr_line' id='line_1_30' title="bbox 113 3301 1304 3388; baseline 0.001 -24"><span class='ocrx_word' id='word_1_265' title='bbox 113 3301 245 3374; x_wconf 79' lang='grc' dir='ltr'><strong><em>δοῦναι,</em></strong></span> <span class='ocrx_word' id='word_1_266' title='bbox 275 3303 324 3363; x_wconf 89' lang='lat' dir='ltr'>ubi</span> <span class='ocrx_word' id='word_1_267' title='bbox 355 3303 562 3386; x_wconf 68' lang='lat' dir='ltr'>capadociam</span> <span class='ocrx_word' id='word_1_268' title='bbox 592 3308 674 3368; x_wconf 94' lang='lat' dir='ltr'>nullo</span> <span class='ocrx_word' id='word_1_269' title='bbox 704 3309 790 3367; x_wconf 94' lang='lat' dir='ltr'>modo</span> <span class='ocrx_word' id='word_1_270' title='bbox 815 3329 852 3370; x_wconf 89' lang='lat' dir='ltr'>ne</span> <span class='ocrx_word' id='word_1_271' title='bbox 876 3309 996 3370; x_wconf 89' lang='lat' dir='ltr'>notione</span> <span class='ocrx_word' id='word_1_272' title='bbox 1020 3309 1141 3388; x_wconf 89' lang='lat' dir='ltr'>quidem</span> <span class='ocrx_word' id='word_1_273' title='bbox 1165 3314 1304 3386; x_wconf 87' lang='lat' dir='ltr'>tempore</span> 
     </span>
     <span class='ocr_line' id='line_1_31' title="bbox 107 3403 1305 3487; baseline 0.002 -23"><span class='ocrx_word' id='word_1_274' title='bbox 107 3405 288 3487; x_wconf 74' lang='lat' dir='ltr'>precedens</span> <span class='ocrx_word' id='word_1_275' title='bbox 332 3407 458 3484; x_wconf 86' lang='lat' dir='ltr'>cogitari</span> <span class='ocrx_word' id='word_1_276' title='bbox 486 3429 574 3487; x_wconf 91' lang='lat' dir='ltr'>posse</span> <span class='ocrx_word' id='word_1_277' title='bbox 607 3403 764 3487; x_wconf 78' lang='grc' dir='ltr'><strong><em>ὁμολογίᾳ</em></strong></span> <span class='ocrx_word' id='word_1_278' title='bbox 797 3423 935 3487; x_wconf 85' lang='lat' dir='ltr'>apparet,</span> <span class='ocrx_word' id='word_1_279' title='bbox 969 3411 1022 3470; x_wconf 89' lang='lat' dir='ltr'>sed</span> <span class='ocrx_word' id='word_1_280' title='bbox 1058 3428 1116 3470; x_wconf 84' lang='lat' dir='ltr'>vox</span> <span class='ocrx_word' id='word_1_281' title='bbox 1149 3405 1305 3486; x_wconf 75' lang='grc' dir='ltr'><strong><em>ὁμολογίᾳ</em></strong></span> 
     </span>
     <span class='ocr_line' id='line_1_32' title="bbox 111 3503 1305 3592; baseline 0.003 -28"><span class='ocrx_word' id='word_1_282' title='bbox 111 3527 150 3565; x_wconf 86' lang='lat' dir='ltr'>ea</span> <span class='ocrx_word' id='word_1_283' title='bbox 173 3506 241 3586; x_wconf 81' lang='lat' dir='ltr'>ipsa</span> <span class='ocrx_word' id='word_1_284' title='bbox 265 3503 353 3565; x_wconf 84' lang='lat' dir='ltr'>verba</span> <span class='ocrx_word' id='word_1_285' title='bbox 375 3527 518 3590; x_wconf 74' lang='lat' dir='ltr'>expresso</span> <span class='ocrx_word' id='word_1_286' title='bbox 529 3509 652 3570; x_wconf 89' lang='lat' dir='ltr'>videtur</span> <span class='ocrx_word' id='word_1_287' title='bbox 674 3509 820 3582; x_wconf 86' lang='lat' dir='ltr'>indicare,</span> <span class='ocrx_word' id='word_1_288' title='bbox 844 3512 951 3590; x_wconf 85' lang='lat' dir='ltr'>quibus</span> <span class='ocrx_word' id='word_1_289' title='bbox 964 3511 1057 3592; x_wconf 91' lang='lat' dir='ltr'>ii,qui</span> <span class='ocrx_word' id='word_1_290' title='bbox 1075 3510 1188 3570; x_wconf 86' lang='lat' dir='ltr'>obsessi</span> <span class='ocrx_word' id='word_1_291' title='bbox 1205 3518 1305 3580; x_wconf 86' lang='lat' dir='ltr'>erant,</span> 
     </span>
    </p>
   </div>
   <div class='ocr_carea' id='block_1_8' title="bbox 105 3608 1359 3793">
    <p class='ocr_par' dir='ltr' id='par_1_8' title="bbox 105 3608 1359 3793">
     <span class='ocr_line' id='line_1_33' title="bbox 105 3608 1359 3692; baseline 0.006 -28"><span class='ocrx_word' id='word_1_292' title='bbox 105 3614 239 3687; x_wconf 77' lang='lat' dir='ltr'>paratos</span> <span class='ocrx_word' id='word_1_293' title='bbox 261 3625 291 3666; x_wconf 86' lang='lat' dir='ltr'>ee</span> <span class='ocrx_word' id='word_1_294' title='bbox 313 3625 374 3666; x_wconf 82' lang='lat' dir='ltr'>esse</span> <span class='ocrx_word' id='word_1_295' title='bbox 397 3608 528 3682; x_wconf 82' lang='lat' dir='ltr'>dixerint</span> <span class='ocrx_word' id='word_1_296' title='bbox 552 3629 650 3671; x_wconf 81' lang='lat' dir='ltr'>arcem</span> <span class='ocrx_word' id='word_1_297' title='bbox 674 3612 809 3683; x_wconf 88' lang='lat' dir='ltr'>tradere;</span> <span class='ocrx_word' id='word_1_298' title='bbox 833 3631 898 3692; x_wconf 84' lang='lat' dir='ltr'>quae</span> <span class='ocrx_word' id='word_1_299' title='bbox 921 3611 1022 3672; x_wconf 87' lang='lat' dir='ltr'>eadem</span> <span class='ocrx_word' id='word_1_300' title='bbox 1046 3611 1205 3671; x_wconf 90' lang='lat' dir='ltr'>sententia·</span> <span class='ocrx_word' id='word_1_301' title='bbox 1223 3611 1305 3670; x_wconf 88' lang='lat' dir='ltr'>ines·</span> <span class='ocrx_word' id='word_1_302' title='bbox 1357 3665 1359 3672; x_wconf 78' lang='grc'><strong><em>,</em></strong></span> 
     </span>
     <span class='ocr_line' id='line_1_34' title="bbox 112 3701 1319 3793; baseline 0.005 -29"><span class='ocrx_word' id='word_1_303' title='bbox 112 3715 164 3764; x_wconf 87' lang='lat' dir='ltr'>set</span> <span class='ocrx_word' id='word_1_304' title='bbox 187 3705 217 3765; x_wconf 90' lang='lat' dir='ltr'>in</span> <span class='ocrx_word' id='word_1_305' title='bbox 242 3701 498 3791; x_wconf 70' lang='grc' dir='ltr'><strong><em>ἠναγκάσθησαν</em></strong></span> <span class='ocrx_word' id='word_1_306' title='bbox 520 3705 717 3792; x_wconf 76' lang='grc' dir='ltr'><strong><em>ὁμολογῆσαι</em></strong></span> <span class='ocrx_word' id='word_1_307' title='bbox 739 3707 795 3791; x_wconf 71' lang='grc' dir='ltr'>τὴν</span> <span class='ocrx_word' id='word_1_308' title='bbox 817 3706 995 3793; x_wconf 68' lang='grc' dir='ltr'><strong><em>ἀκρόπολιν</em></strong></span> <span class='ocrx_word' id='word_1_309' title='bbox 1018 3709 1223 3793; x_wconf 78' lang='grc' dir='ltr'><strong><em>παραδόντες.</em></strong></span> <span class='ocrx_word' id='word_1_310' title='bbox 1254 3709 1319 3770; x_wconf 76' lang='lat' dir='ltr'>Gt</span> 
     </span>
    </p>
   </div>
   <div class='ocr_carea' id='block_1_9' title="bbox 105 3804 1305 4301">
    <p class='ocr_par' dir='ltr' id='par_1_9' title="bbox 105 3804 1305 4301">
     <span class='ocr_line' id='line_1_35' title="bbox 115 3804 1305 3893; baseline 0.006 -30"><span class='ocrx_word' id='word_1_311' title='bbox 115 3804 208 3886; x_wconf 85' lang='lat' dir='ltr'>etiam</span> <span class='ocrx_word' id='word_1_312' title='bbox 232 3809 288 3879; x_wconf 88' lang='lat' dir='ltr'>IV,</span> <span class='ocrx_word' id='word_1_313' title='bbox 324 3807 371 3881; x_wconf 83' lang='lat' dir='ltr'>lb,</span> <span class='ocrx_word' id='word_1_314' title='bbox 402 3812 415 3870; x_wconf 94' lang='lat' dir='ltr'>l</span> <span class='ocrx_word' id='word_1_315' title='bbox 440 3811 605 3886; x_wconf 78' lang='grc' dir='ltr'><strong><em>ἐγίγνοντο</em></strong></span> <span class='ocrx_word' id='word_1_316' title='bbox 632 3812 807 3875; x_wconf 82' lang='grc' dir='ltr'><strong><em>σπονδαὶ</em></strong></span> <span class='ocrx_word' id='word_1_317' title='bbox 834 3812 1002 3876; x_wconf 76' lang='grc' dir='ltr'><strong><em>τοιαίδε·</em></strong></span> <span class='ocrx_word' id='word_1_318' title='bbox 1026 3812 1305 3893; x_wconf 76' lang='grc' dir='ltr'><strong><em>Λακεδαιμονίους</em></strong></span> 
     </span>
     <span class='ocr_line' id='line_1_36' title="bbox 112 3906 1302 3996; baseline 0.007 -33"><span class='ocrx_word' id='word_1_319' title='bbox 112 3907 175 3984; x_wconf 78' lang='grc' dir='ltr'>μὲν</span> <span class='ocrx_word' id='word_1_320' title='bbox 197 3906 250 3980; x_wconf 77' lang='grc' dir='ltr'><strong><em>τοὶς</em></strong></span> <span class='ocrx_word' id='word_1_321' title='bbox 273 3909 352 3981; x_wconf 79' lang='grc' dir='ltr'><strong><em>ναῦς</em></strong></span> <span class='ocrx_word' id='word_1_322' title='bbox 375 3947 412 3956; x_wconf 83' lang='lat'>—-</span> <span class='ocrx_word' id='word_1_323' title='bbox 437 3913 645 3996; x_wconf 69' lang='lat' dir='ltr'>capadociam</span> <span class='ocrx_word' id='word_1_324' title='bbox 672 3938 699 3977; x_wconf 86' lang='grc' dir='ltr'>κ.</span> <span class='ocrx_word' id='word_1_325' title='bbox 722 3937 747 3976; x_wconf 88' lang='grc' dir='ltr'>τ.</span> <span class='ocrx_word' id='word_1_326' title='bbox 772 3914 811 3989; x_wconf 65' lang='lat' dir='ltr'>d„</span> <span class='ocrx_word' id='word_1_327' title='bbox 835 3919 884 3977; x_wconf 90' lang='lat' dir='ltr'>ubi</span> <span class='ocrx_word' id='word_1_328' title='bbox 909 3914 1048 3979; x_wconf 82' lang='grc' dir='ltr'><strong><em>σπονδαί</em></strong></span> <span class='ocrx_word' id='word_1_329' title='bbox 1076 3917 1214 3977; x_wconf 87' lang='lat' dir='ltr'>dicuntur</span> <span class='ocrx_word' id='word_1_330' title='bbox 1241 3933 1302 3973; x_wconf 91' lang='grc' dir='ltr'>ποπ</span> 
     </span>
     <span class='ocr_line' id='line_1_37' title="bbox 105 4006 1302 4095; baseline 0.006 -31"><span class='ocrx_word' id='word_1_331' title='bbox 105 4006 226 4088; x_wconf 67' lang='lat' dir='ltr'>fictura</span> <span class='ocrx_word' id='word_1_332' title='bbox 248 4031 308 4072; x_wconf 83' lang='lat' dir='ltr'>esse</span> <span class='ocrx_word' id='word_1_333' title='bbox 327 4022 489 4094; x_wconf 82' lang='lat' dir='ltr'>postquam</span> <span class='ocrx_word' id='word_1_334' title='bbox 512 4036 605 4077; x_wconf 89' lang='lat' dir='ltr'>naves</span> <span class='ocrx_word' id='word_1_335' title='bbox 628 4016 751 4077; x_wconf 76' lang='lat' dir='ltr'>traditae</span> <span class='ocrx_word' id='word_1_336' title='bbox 774 4017 846 4088; x_wconf 83' lang='lat' dir='ltr'>sint,</span> <span class='ocrx_word' id='word_1_337' title='bbox 868 4020 921 4080; x_wconf 91' lang='lat' dir='ltr'>sed</span> <span class='ocrx_word' id='word_1_338' title='bbox 943 4040 1003 4080; x_wconf 82' lang='lat' dir='ltr'>esse</span> <span class='ocrx_word' id='word_1_339' title='bbox 1026 4037 1090 4078; x_wconf 90' lang='lat' dir='ltr'>eam</span> <span class='ocrx_word' id='word_1_340' title='bbox 1115 4017 1212 4095; x_wconf 90' lang='lat' dir='ltr'>ipsam</span> <span class='ocrx_word' id='word_1_341' title='bbox 1236 4025 1302 4072; x_wconf 88' lang='lat' dir='ltr'>tra-</span> 
     </span>
     <span class='ocr_line' id='line_1_38' title="bbox 109 4108 1299 4193; baseline 0.003 -25"><span class='ocrx_word' id='word_1_342' title='bbox 109 4108 283 4185; x_wconf 82' lang='lat' dir='ltr'>ditionem3</span> <span class='ocrx_word' id='word_1_343' title='bbox 308 4126 338 4172; x_wconf 90' lang='lat' dir='ltr'>et</span> <span class='ocrx_word' id='word_1_344' title='bbox 371 4125 525 4193; x_wconf 89' lang='lat' dir='ltr'>postrema</span> <span class='ocrx_word' id='word_1_345' title='bbox 560 4117 664 4178; x_wconf 89' lang='lat' dir='ltr'>harum</span> <span class='ocrx_word' id='word_1_346' title='bbox 701 4116 860 4181; x_wconf 78' lang='grc' dir='ltr'><strong><em>σπονδῶν</em></strong></span> <span class='ocrx_word' id='word_1_347' title='bbox 883 4121 1018 4182; x_wconf 88' lang='lat' dir='ltr'>conditio</span> <span class='ocrx_word' id='word_1_348' title='bbox 1041 4121 1084 4180; x_wconf 86' lang='lat' dir='ltr'>ita</span> <span class='ocrx_word' id='word_1_349' title='bbox 1108 4116 1299 4179; x_wconf 76' lang='lat' dir='ltr'>describitur:</span> 
     </span>
     <span class='ocr_line' id='line_1_39' title="bbox 105 4207 1301 4301; baseline 0.013 -32"><span class='ocrx_word' id='word_1_350' title='bbox 105 4207 280 4273; x_wconf 72' lang='grc' dir='ltr'><strong><em>ἐλθόντων</em></strong></span> <span class='ocrx_word' id='word_1_351' title='bbox 310 4210 345 4274; x_wconf 70' lang='grc' dir='ltr'>δέ</span> <span class='ocrx_word' id='word_1_352' title='bbox 375 4214 433 4298; x_wconf 83' lang='lat' dir='ltr'>(so.</span> <span class='ocrx_word' id='word_1_353' title='bbox 463 4217 527 4278; x_wconf 80' lang='lat' dir='ltr'>onir</span> <span class='ocrx_word' id='word_1_354' title='bbox 554 4219 718 4300; x_wconf 80' lang='grc' dir='ltr'><strong><em>πρέσβεων</em></strong></span> <span class='ocrx_word' id='word_1_355' title='bbox 746 4218 847 4283; x_wconf 80' lang='grc' dir='ltr'><strong><em>πόλιν</em></strong></span> <span class='ocrx_word' id='word_1_356' title='bbox 875 4217 941 4283; x_wconf 73' lang='grc' dir='ltr'><strong><em>α’πδ</em></strong></span> <span class='ocrx_word' id='word_1_357' title='bbox 969 4221 1031 4282; x_wconf 76' lang='grc' dir='ltr'>τῶν</span> <span class='ocrx_word' id='word_1_358' title='bbox 1056 4213 1223 4301; x_wconf 72' lang='grc' dir='ltr'>Ἀθηνῶν)</span> <span class='ocrx_word' id='word_1_359' title='bbox 1245 4215 1301 4284; x_wconf 81' lang='grc' dir='ltr'>τάς</span> 
     </span>
    </p>
   </div>
   <div class='ocr_carea' id='block_1_10' title="bbox 106 4310 1355 4402">
    <p class='ocr_par' dir='ltr' id='par_1_10' title="bbox 106 4310 1355 4402">
     <span class='ocr_line' id='line_1_40' title="bbox 106 4310 1355 4402; baseline 0.011 -29"><span class='ocrx_word' id='word_1_360' title='bbox 106 4335 140 4374; x_wconf 81' lang='grc' dir='ltr'>τε</span> <span class='ocrx_word' id='word_1_361' title='bbox 164 4310 312 4386; x_wconf 81' lang='grc' dir='ltr'><strong><em>σπονδὰς</em></strong></span> <span class='ocrx_word' id='word_1_362' title='bbox 334 4313 493 4379; x_wconf 72' lang='grc' dir='ltr'><strong><em>λελῦσθαι</em></strong></span> <span class='ocrx_word' id='word_1_363' title='bbox 515 4316 631 4392; x_wconf 86' lang='grc' dir='ltr'><strong><em>ταότας</em></strong></span> <span class='ocrx_word' id='word_1_364' title='bbox 652 4325 707 4382; x_wconf 76' lang='grc' dir='ltr'><strong><em>καὶ</em></strong></span> <span class='ocrx_word' id='word_1_365' title='bbox 729 4319 785 4394; x_wconf 74' lang='grc' dir='ltr'><strong><em>τοὶς</em></strong></span> <span class='ocrx_word' id='word_1_366' title='bbox 809 4323 887 4396; x_wconf 84' lang='grc' dir='ltr'><strong><em>ναός</em></strong></span> <span class='ocrx_word' id='word_1_367' title='bbox 909 4318 1091 4386; x_wconf 68' lang='grc' dir='ltr'><strong><em>α’ποδοῦναι</em></strong></span> <span class='ocrx_word' id='word_1_368' title='bbox 1104 4315 1301 4401; x_wconf 70' lang='grc' dir='ltr'><strong><em>Ἀθηναίους</em></strong></span> <span class='ocrx_word' id='word_1_369' title='bbox 1352 4395 1355 4402; x_wconf 50' lang='grc'><strong>,</strong></span> 
     </span>
    </p>
   </div>
   <div class='ocr_carea' id='block_1_11' title="bbox 1184 4431 1198 4478">
    <p class='ocr_par' dir='ltr' id='par_1_11' title="bbox 1184 4431 1198 4478">
     <span class='ocr_line' id='line_1_41' title="bbox 1184 4431 1198 4478; baseline 0 0"><span class='ocrx_word' id='word_1_370' title='bbox 1184 4431 1198 4478; x_wconf 83' lang='grc'>3</span> 
     </span>
    </p>
   </div>
   <div class='ocr_carea' id='block_1_12' title="bbox 0 0 1572 4838">
    <p class='ocr_par' dir='ltr' id='par_1_12' title="bbox 0 0 1572 4838">
     <span class='ocr_line' id='line_1_42' title="bbox 0 0 1572 4838; baseline 0 9"><span class='ocrx_word' id='word_1_371' title='bbox 0 0 1572 4838; x_wconf 95' lang='lat' dir='ltr'> </span> 
     </span>
    </p>
   </div>
  </div>
 </body>
</html>
