3134 4838
1206 253 1332 328 ¹5,

175 436 372 498 similitudine
402 457 471 498 usus
500 435 802 517 particularum'du,
826 432 878 510 ὥς,
902 435 938 512 εἰ,
962 437 1099 512 aliarum,
1123 457 1198 517 quae,
1222 437 1362 498 enuntia-

175 545 238 598 tum
257 538 390 618 pendens
415 557 480 599 curn
505 539 598 598 verbo
622 547 744 616 regente
768 541 963 618 conjungunt.
1302 601 1305 610 ,

259 639 335 700 Post
357 645 477 718 tempus
501 639 690 699 historicum:
728 639 759 722 l)
787 637 894 717 ἔλεγεν
916 638 963 702 ὅτι
985 637 1136 712 πλούσιος
1158 641 1205 722 εἴη
1227 633 1362 721 (αὐτός),

176 739 226 800 ubi
250 746 281 800 et
302 759 439 820 personae
463 747 494 800 et
517 739 595 800 modi
619 741 758 803 mutatio.
803 742 838 824 2)
861 739 967 820 ἔλεγεν
995 740 1042 804 ὅτι
1065 739 1118 803 erl.
1140 739 1203 802 ἐστι
1227 740 1363 823 (nobjec-

177 839 288 922 tive»);
311 849 431 901 tanturn
456 859 593 932 personae
616 842 752 902 mutatio.
797 841 832 924 3)
855 841 974 922 ἔλεγον,
999 840 1046 906 ὅτι
1062 841 1115 905 πλ.
1138 844 1220 926 εἴην·
1243 851 1362 906 tautum

176 940 257 1000 modi
281 940 420 1002 mutatio.

260 1042 296 1102 In
320 1039 489 1102 infinitivo:
517 1041 547 1121 l)
570 1043 651 1123 φημί
673 1041 758 1125 (ἐμὲ)
779 1043 878 1106 εἶναι·
902 1054 1022 1106 tautum
1048 1046 1128 1107 modi
1152 1044 1296 1106 mutatio.
1330 1041 1365 1124 2)

181 1137 239 1230 ᾳῄς
267 1141 333 1226 (σε)
363 1131 463 1206 εἶναι·
487 1147 518 1201 et
541 1162 676 1221 personae
705 1157 734 1206 et
757 1148 838 1207 modi
863 1147 990 1207 mutatio
999 1167 1008 1221 3
1042 1167 1084 1208 or.
1107 1167 1129 1208 r.
1154 1141 1263 1234 (φῄς)
1286 1139 1367 1220 »ἐγώ

176 1242 265 1323 εἰμι».
282 1243 365 1304 -In
389 1241 567 1322 participio:
580 1243 655 1308 οἶδά
667 1263 700 1306 σε
711 1245 866 1310 πλούσιοι
880 1244 972 1310 ὄντα·
995 1243 1113 1310 tantum
1130 1246 1214 1308 modi
1229 1245 1365 1307 mutatio.

176 1343 312 1428 ἤκουσας
334 1343 388 1424 ἐμὲ
410 1342 465 1405 πλ.
487 1340 579 1406 ὄντα·
604 1359 634 1407 et
658 1365 793 1426 personae
816 1359 848 1410 et
870 1349 950 1410 modi
973 1349 1119 1422 mutati03
1142 1367 1183 1408 or.
1203 1369 1241 1410 r.:
1255 1343 1366 1428 (rinuv-

178 1447 266 1530 σας’)
288 1445 359 1508 und.
382 1444 472 1508 ἔστι».
869 1458 871 1462 ’

263 1547 533 1609 Considerantibus
553 1548 618 1627 Jam
643 1549 741 1623 nobie,
763 1571 781 1612 a
805 1551 912 1632 quibus
944 1551 1042 1611 verbis
1066 1569 1108 1610 or.
1133 1550 1192 1612 obl.
1218 1548 1364 1628 pendeat,

179 1651 355 1730 plerumque
378 1650 470 1710 verba
494 1649 666 1710 declarandi
689 1661 718 1710 et
740 1652 890 1712 sentiendi
914 1651 1118 1712 nominantur.
1161 1651 1211 1712 Sit
1224 1668 1294 1710 sane
1307 1646 1364 1717 ita,

180 1751 333 1812 modoad
357 1750 451 1810 verba
475 1748 649 1810 declarandi
673 1751 767 1812 etiarn
791 1753 882 1813 verba
902 1751 1040 1830 jubendi,
1057 1751 1192 1822 vetandi,
1204 1748 1364 1830 quarendi,

179 1851 290 1912 similia
317 1852 490 1911 referantur
513 1859 544 1911 et
566 1851 606 1911 ad
628 1853 724 1912 verba
746 1853 895 1914 sentiendi
918 1853 1012 1914 etiam
1036 1852 1132 1912 verba
1156 1848 1365 1929 exspectandi,

178 1952 321 2031 sperandi
345 1962 402 2014 etc.
447 1951 505 2012 Sed
530 1953 625 2012 verba
647 1953 794 2014 timendi?
837 1952 919 2022 Quid
943 1953 1023 2014 aliud
1048 1960 1155 2014 notant
1173 1951 1230 2012 nisi
1245 1949 1366 2030 opinio,-

179 2072 246 2114 uem
271 2053 317 2111 vel
342 2051 601 2131 exspectationem
623 2052 737 2113 timoris
761 2055 902 2132 plenam?
945 2049 1100 2124 ἐλπίζει
1118 2047 1366 2132 (ΐοιεεβούλε-

179 2153 245 2233 ται)
269 2143 420 2225 πλούσιος
444 2153 487 2214 ἄν
508 2155 674 2230 γενέσθαι.
719 2157 902 2235 φοβεῖται
924 2152 966 2238 μὴ
984 2149 1091 2237 ἐνδεὴς
1102 2155 1229 2235 γένηται
1243 2153 1320 2228 (lere
1335 2179 1366 2203 =

179 2251 216 2318 uri
238 2253 411 2338 βούλεται).
456 2256 526 2333 lpse
548 2255 642 2334 igitur
654 2247 837 2334 significaitio
849 2256 1020 2334 hujusmodi
1033 2258 1192 2318 uerborum
1207 2251 1366 2335 (timendi)

181 2358 413 2437 suspicationem
449 2352 570 2417 movere
594 2356 699 2429 debet,¹
724 2359 890 2418 orationem
925 2347 1078 2437 obliquam
1109 2356 1158 2418 hic
1181 2373 1240 2415 non
1268 2354 1366 2414 minus

182 2479 270 2538 quam
295 2467 364 2538 post
388 2457 448 2518 alia
478 2454 570 2517 verba
603 2457 750 2518 sentiendi
785 2459 881 2519 locum
912 2459 1037 2519 habere.
1082 2457 1242 2536 Accedunt
1266 2462 1366 2514 autem

180 2561 254 2637 ipsae
276 2560 336 2619 illae
360 2569 445 2628 notae‚
469 2575 607 2636 personae
637 2569 665 2642 et
699 2559 779 2618 modi
806 2560 1027 2639 mutatioque
1052 2559 1114 2620 aliu
1137 2577 1179 2617 or.
1203 2557 1263 2617 obl.
1288 2555 1367 2615 indi-

180 2669 283 2722 catur:
318 2661 463 2741 caustro·
497 2653 539 2740 μὴ
566 2695 605 2703 —
634 2660 762 2740 γένηται
791 2660 869 2719 enim
901 2670 1002 2720 ortum
1027 2669 1074 2720 est
1098 2677 1135 2718 ex
1159 2653 1287 2742 (pou.)
1310 2650 1368 2736 »μὴ

179 2797 217 2806 -
230 2762 390 2842 γένωμαι»
401 2752 442 2842 ¹).
471 2761 573 2840 Atque
587 2780 676 2840 quum
689 2761 717 2821 in
733 2762 789 2822 hoc
802 2761 943 2840 exemplo
954 2767 1072 2820 tantum
1089 2778 1224 2840 personae
1237 2757 1367 2820 mutatio

181 2871 288 2935 exstet,
311 2865 343 2925 in
366 2863 512 2945 ἐφοβεῖτο
534 2855 576 2942 μὴ
598 2863 720 2937 γένοιτο
744 2863 833 2922 etiam
853 2860 961 2921 modus
974 2870 1110 2922 mutatus
1123 2861 1263 2937 est3jure
1276 2859 1369 2937 igitur

181 2963 353 3043 hujusmodi
382 2966 543 3025 sententia
571 2965 608 3023 ad
634 2983 675 3024 or.
700 2963 758 3024 obl.
782 2963 965 3022 referuntur.
1010 2963 1053 3022 Et
1075 2963 1099 3021 si
1114 2960 1207 3020 illam
1232 2977 1368 3020 normam

181 3065 356 3138 retinemus,
392 3066 485 3127 multa
519 3064 664 3125 exsistere
695 3082 804 3142 genera
833 3061 979 3122 orationis
1004 3062 1144 3142 obliquae,
1174 3061 1202 3120 in
1230 3064 1369 3138 promptu

181 3177 236 3226 est.
280 3167 454 3228 Praemoneo
488 3166 564 3244 quod
599 3154 847 3242 Detbriickius²)
883 3163 1020 3223 disserit:
1075 3161 1151 3222 »Als
1193 3158 1368 3236 Grundlage

180 3266 256 3328 aller
278 3267 554 3344 Untersuchuugen
589 3268 664 3326 iiber
697 3264 853 3328 Satzlehre
886 3263 958 3323 dari
978 3283 1046 3324 man
1070 3263 1124 3323 wie
1149 3261 1237 3321 einen
1262 3259 1371 3320 rocher

201 3508 214 3539 ι
249 3463 269 3525 ¹)
288 3466 348 3514 Non
366 3478 475 3526 possum
494 3479 547 3512 non
566 3463 613 3511 hic
630 3463 787 3525 praeclaram
811 3459 891 3522 hujus
904 3463 1047 3508 structurae
1058 3459 1278 3520 explicationem,
1289 3471 1369 3518 quam

179 3551 283 3614 praebet
300 3549 392 3597 Delbr.
411 3565 436 3611 p.
456 3550 495 3609 23,
515 3543 625 3596 afferre:
660 3547 708 3594 uIn
726 3540 805 3592 deidei
828 3540 864 3608 μὴ
888 3540 1014 3610 θήρεσσιν
1032 3538 1098 3608 ἕλωρ
1116 3537 1162 3588 καὶ
1182 3539 1272 3604 κύρμα
1291 3538 1370 3603 γένω-

180 3651 235 3699 μαι,
265 3648 275 3681 ε
295 3633 351 3693 473,
371 3633 434 3682 sind
452 3633 502 3680 wir
520 3626 638 3695 g'eneigt
658 3632 711 3680 den
729 3631 790 3678 Satn
809 3631 859 3678 mit
877 3626 914 3692 poi
934 3631 973 3677 als
993 3629 1074 3690 einen
1093 3626 1263 3688 Obiectssatz
1281 3640 1312 3673 zu
1325 3625 1370 3676 be·
1408 3621 1411 3628 ¹

179 3722 314 3770 trachten·
351 3718 402 3768 Die
428 3717 636 3778 ursprtingliche
668 3714 840 3778 griechische
871 3713 1035 3774 Auffassung
1069 3712 1135 3760 aber
1165 3710 1202 3758 ist
1227 3710 1369 3771 folgende:

180 3807 264 3855 Beide
283 3806 361 3856 Statue
380 3803 443 3852 sind
462 3801 643 3864 selbsttndig‚
662 3801 711 3848 der
729 3799 780 3846 mit
796 3797 834 3860 μή
854 3798 941 3846 wehrt
971 3797 1051 3845 einen
1070 3795 1219 3844 Gedanken
1237 3809 1290 3842 von
1309 3794 1370 3842 dem

181 3891 291 3954 Subiect
310 3889 353 3950 ab,
372 3889 421 3936 der
440 3886 549 3945 andere,
569 3885 672 3933 welche
690 3899 738 3932 vor
757 3884 800 3932 ihr
817 3883 889 3943 tritt,
916 3881 996 3943 ueigt‚
1025 3893 1072 3928 aus
1090 3879 1208 3928 welcher
1228 3878 1370 3926 Gemiiths·

182 3973 327 4034 stimmung
354 3971 399 4020 die
427 3969 544 4018 Abwehr
572 3969 734 4038 entspriugt.
768 3968 826 4016 Wir
848 3967 960 4014 miissen
978 3966 1084 4014 alsoso
1103 3965 1277 4012 iibersetzen:
1299 3962 1369 4010 oich

179 4058 287 4107 iiirchte
314 4057 411 4106 mIchu.
455 4055 542 4102 »Duas
570 4053 615 4101 ich
638 4067 689 4101 nur
706 4050 784 4100 nieht
803 4052 856 4099 den
875 4050 993 4098 Thieren
1011 4063 1057 4096 nur
1075 4049 1159 4096 Beute
1177 4048 1280 4096 wandel
1299 4047 1364 4094 Haec

180 4141 246 4188 mihi
275 4139 462 4190 consideranti
491 4138 611 4200 vulgaris
640 4135 787 4198 explicatio
811 4134 954 4197 particulae
972 4130 1010 4194 μή
1029 4150 1061 4170 -
1081 4129 1125 4178 ἵνα
1142 4129 1188 4194 μή,
1208 4147 1261 4194 qua
1280 4130 1371 4192 hujus·

180 4226 253 4273 modi
272 4225 416 4274 sententiae
435 4224 470 4272 ad
489 4222 585 4270 finales
603 4222 782 4284 pertinerent,
801 4219 876 4267 nullo
894 4217 975 4265 modo
994 4218 1051 4265 veri
1068 4216 1166 4265 similis
1177 4215 1294 4274 videtur,
1304 4213 1371 4260 mul·

180 4311 261 4370 toque
288 4308 376 4356 minus
404 4322 444 4368 ea,
475 4319 553 4370 quam
581 4304 741 4354 Kuehnerus
768 4302 897 4364 proponit
928 4297 954 4362 (ξ
979 4299 1053 4360 589);
1079 4298 1115 4362 μή
1139 4319 1171 4340 =
1194 4300 1245 4348 nob
1269 4297 1372 4352 nichtu,

181 4391 327 4455 Fragwort.
694 4383 716 4446 ²)
734 4400 764 4448 p.
781 4387 822 4434 12.
