3134 4838
1230 226 1267 278 41

115 426 184 486 qnae
208 405 237 465 in
261 425 303 465 or.
328 402 387 464 obl.
411 401 545 481 sparsim
569 407 739 461 occurrunt.
783 398 848 479 (Ex
872 399 1004 480 quadam
1029 409 1116 478 parte
1136 397 1192 458 huo
1215 397 1311 475 perti-
1353 451 1358 466 ,

117 519 193 567 nent
217 506 285 577 loci,
309 504 360 564 ubi
386 522 427 564 or.
453 522 474 562 r.
498 521 563 562 eum
588 519 629 560 or.
653 498 713 559 obl.
739 500 837 560 mixta
860 510 917 573 est,
941 499 1023 561 situt
1045 500 1103 571 IV,
1115 494 1312 573 92,7δεῖξαι

112 606 174 669 ὅτι
198 642 233 650 -
260 605 502 666 κιοέσδωσαν
529 638 533 644 ·
593 635 632 646 -
661 594 708 670 ολς
729 597 764 662 δὲ
789 636 825 643 -
849 595 906 662 οὐκ
934 596 1072 662 οἷπίασιν
1102 613 1132 660 et,
1155 599 1206 659 itte
1229 619 1310 670 usus,

113 709 219 789 quiin
246 708 398 769 foederum
429 701 655 766 conditionibus
685 702 899 762 enumerandis
924 705 1064 782 frequens
1087 690 1185 781 est¹).
1230 701 1311 762 Mira

113 817 189 869 sunt
212 807 290 870 haeo:
314 808 373 876 IV,
401 799 488 876 37,'r
514 799 610 877 χνοδς
631 799 667 863 δὲ
686 839 722 848 -
747 799 805 864 ὅτι
828 837 868 848 -
891 801 1310 884 διαφθαρησομένονς

114 904 229 979 αὐτούς
252 918 283 970 et
304 909 345 980 V,
368 906 419 978 46,
442 908 461 967 3
484 905 584 967 εἰπεῖν
605 926 637 964 τε
659 901 803 965 έκέλενον
824 901 884 965 δτι
906 910 961 966 καί
983 907 1308 986 σφεῖς-πεποιῆ-

114 1013 208 1090 σθαι.
253 1009 359 1070 Minus
387 1007 546 1069 molestum
578 1006 635 1066 hoo
663 1025 772 1084 genus:
802 1006 826 1070 Ι,
853 1005 941 1086 44,Ᾰί
967 1009 1171 1088 μετέγνωσαν
1192 1009 1310 1086 Κερκυ-
1359 1075 1362 1084 Ι

116 1116 223 1196 ραίοις
255 1111 438 1189 ξυμμαχίαν
469 1112 529 1188 μὲν
559 1103 601 1188 μὴ
635 1094 885 1188 ποιήσασθαι
922 1143 959 1152 -
991 1145 1043 1182 -,
1071 1107 1248 1187 ἐπιμαχίαν
1276 1106 1311 1168 δὲ

112 1209 369 1294 ἐποιήσαντο.
414 1207 666 1294 (Exspectaveris
689 1208 903 1291 ποιήσασθαι,
929 1209 1015 1287 eujus
1037 1218 1139 1270 tamen
1164 1210 1308 1287 repetitio

113 1319 192 1380 dura
215 1317 324 1394 esset.)
347 1349 388 1358 --
409 1312 434 1382 Ι,
457 1311 507 1382 52,
530 1313 550 1371 2
572 1304 705 1387 δρῶντες
729 1347 765 1356 -
789 1306 895 1372 πολλὰ
906 1307 946 1370 τοί
959 1308 1068 1390 ἄπορα
1081 1302 1329 1392 ξυμβεβηκότα,,

113 1408 329 1497 αἰχμαλώτων
350 1435 382 1474 τε
403 1417 491 1491 περὶ
513 1410 688 1494 φυλακῆς
710 1447 761 1484 -—,
785 1416 840 1472 καί
861 1408 1073 1494 ἐπισκευὴν
1094 1407 1163 1474 οὐκ
1184 1407 1309 1474 οὖσαν

113 1522 180 1581 ταῖν
203 1517 297 1579 νεῶν.
341 1515 501 1596 (Exspect.
525 1515 584 1574 iere
608 1519 661 1576 καὶ
684 1521 757 1594 περὶ
779 1515 835 1576 τοῦ
855 1510 898 1596 μὴ
921 1513 1090 1577 δύνασθαι
1102 1513 1308 1577 ἐπισκευάσαι

112 1618 170 1694 τοὶς
193 1619 272 1692 ναῦς
294 1617 340 1678 vel
364 1615 472 1688 simile,
496 1616 639 1694 quoniam
663 1616 721 1677 hoc
745 1616 913 1676 membrum
939 1617 1040 1677 altera
1063 1623 1196 1695 estpars
1218 1636 1307 1695 gene-

114 1725 158 1784 ris
182 1721 309 1802 ἄπορα;
343 1716 481 1786 redditur,
512 1726 614 1776 tamen
643 1718 761 1795 speeies
790 1717 869 1778 sieut·
901 1736 994 1794 genus
1018 1718 1056 1778 ab
1079 1711 1213 1796 δρῶντες
1235 1737 1325 1796 pen-.

113 1824 219 1905 dene.)
248 1855 285 1866 -
314 1821 339 1888 Ι,
368 1811 417 1888 72,
443 1812 590 1892 Ιιέδοξεν
623 1811 730 1890 αὐτοῖς
763 1818 935 1900 παριτητέα
958 1816 989 1889 ἐς
1010 1813 1081 1890 τοδς
1103 1816 1308 1898 Λακεδαιμο-

116 1926 206 1995 νίους
228 1907 323 1992 εἶναι,
346 1919 411 1980 τοῖν
432 1921 491 1994 μὲν
510 1916 712 2002 έχκλρμοὲτων
724 1920 796 2002 πέρι
807 1916 906 2000 μηδὲν
929 1907 1307 2002 ἀπολογησομένους

116 2061 169 2098 -,
191 2022 376 2106 δηλῶσαι
392 2016 427 2080 δὲ
458 2055 498 2066 -
521 2019 592 2104 (pro
625 2013 839 2103 δηλώσοντας.
882 2020 928 2082 ct.
958 2030 1056 2100 putat,
1082 2020 1151 2106 δηλ.
1175 2023 1305 2104 quodam

117 2127 209 2186 modo
233 2127 271 2187 ab
299 2122 408 2198 ἔδοξεν
437 2121 589 2201 pendere3
623 2125 735 2203 aptius,
769 2124 871 2191 eredo,
894 2121 949 2180 Kr.
973 2143 989 2181 n
1013 2126 1185 2208 παριτητέα
1211 2122 1306 2196 εἶναι,

114 2227 197 2288 siout
219 2245 277 2287 non
301 2244 370 2288 raro
393 2224 444 2282 int'.
468 2233 538 2300 post
557 2224 656 2285 ‘verba
674 2225 775 2295 eundi,
798 2223 946 2302 πέμπειν,
970 2223 1050 2296 sirm,
1073 2227 1111 2288 ad
1135 2211 1228 2288 finem
1252 2243 1306 2284 ex·

114 2328 303 2406 prImerrdum
335 2325 521 2402 usurpatur).
544 2359 584 2368 -—
612 2326 768 2386 Interdum
805 2324 930 2386 verbum
966 2342 1071 2403 regens
1094 2329 1306 2406 inexspectato
1359 2366 1360 2374 ι

113 2429 273 2508 repetitur,
306 2427 362 2488 etsi
391 2424 450 2484 alia
481 2425 590 2484 forma:
617 2427 658 2496 ΙΙ,
685 2427 713 2497 5,
741 2427 759 2486 5
788 2425 906 2507 κήρυκα
938 2420 1091 2508 ἔπεμψαν
1124 2423 1215 2507 παρὰ
1237 2421 1308 2497 τοδς

116 2528 292 2612 Θηβαίους,
327 2527 508 2601 λέγοντες
535 2522 584 2586 ὅτι
612 2523 681 2588 οὔτε
706 2563 747 2572 -
775 2523 868 2599 ὁσίως
900 2517 1056 2604 δράσειαν
1080 2565 1118 2574 -
1143 2565 1192 2601 -,
1216 2527 1255 2587 ια’
1277 2550 1307 2588 τε

112 2627 176 2706 ἔξω
203 2628 343 2706 ἔλεγον
373 2623 480 2698 αὐτοῖς
507 2622 549 2708 μὴ
572 2621 705 2690 οἶδικείν.
740 2627 866 2713 (ε”λεγον
889 2623 995 2701 αὐτοῖς
1028 2631 1212 2709 ρίοοοοειὶοε
1236 2643 1306 2690 sunt

114 2733 234 2813 posita;
256 2733 381 2794 Boehm.
407 2729 575 2804 existimet,
598 2730 621 2790 si
646 2731 800 2804 abessent,
824 2731 1007 2793 sententiam
1026 2731 1125 2792 minus
1139 2730 1304 2792 diIucidam

115 2836 198 2905 fore;
222 2832 450 2910 ambiguitatem
473 2839 585 2902 tamen,
609 2831 708 2904 credo,
721 2830 787 2908 ipsa
801 2834 923 2911 negatio
934 2824 978 2912 μή
991 2830 1205 2913 praeoaveret.)
1229 2832 1304 2890 Item

113 2934 205 3004 VIII,
227 2933 267 2993 45
289 2934 309 2992 4
334 2969 370 2978 -
395 2925 616 3006 ἀντιλέγων
638 2967 678 2978 -
701 2926 743 3002 οἷς
772 2927 884 3012 οἱμὲν
911 2934 987 2995 Χίον
1016 2926 1222 3011 ἀναίσχυντοι
1244 2929 1306 2992 εἶεν

112 3069 155 3078 —-
177 3067 229 3107 —-‚
253 3028 309 3104 anic
330 3031 359 3095 δ’
382 3031 483 3103 ἄλλος
505 3024 615 3104 πόλεις
637 3029 709 3116 ἔφη
732 3028 855 3096 δδικεῒν
873 3035 945 3119 (pro
968 3028 1004 3094 ori
1025 3032 1054 3095 δ’
1078 3032 1175 3094 ἄλλαι
1199 3031 1305 3106 πόλεις

114 3130 270 3208 οἷδικοῖεν,
294 3133 381 3221 Pa).
426 3135 503 3195 Item
527 3135 618 3209 VIII,
640 3133 691 3206 86,
714 3133 733 3195 6
756 3130 850 3209 αδτδς
872 3135 908 3197 δὲ
930 3131 1304 3216 ἀποκρινάμενος-

113 3234 164 3298 ὅτι
185 3233 256 3310 τούς
277 3239 336 3314 μὲν
357 3233 631 3313 πεντακισχιλίους
652 3229 692 3298 οδ
711 3236 827 3301 κωλύοι
850 3236 969 3320 ἄρχειν,
993 3233 1064 3310 τοδς
1075 3241 1182 3318 μέντοι
1193 3260 1302 3317 τετρα-

113 3340 240 3411 κοσίους
262 3331 484 3400 α’παλλοὲσσειν
507 3335 684 3400 ἐκέλευεν
706 3333 828 3412 αὐτούς.
852 3376 891 3385 -
914 3341 1076 3421 Multipiex
1098 3341 1302 3402 anacoluthon

114 3442 233 3519 praebet
266 3440 356 3513 VIII,
385 3437 434 3513 78,
459 3441 473 3500 l
498 3435 529 3501 oi
552 3440 740 3519 nequeenim
767 3440 901 3521 διεβόων
929 3436 971 3513 οἷς
998 3434 1061 3505 ὑπό
1084 3463 1115 3503 τε
1134 3433 1305 3519 Ἀστυόχοο

113 3545 170 3602 καὶ
196 3541 434 3624 Τισσαφέρνους
456 3543 626 3625 φθείρεται
647 3537 686 3602 τοί
709 3545 893 3626 πράγματα,
922 3543 989 3606 τοῦ
1016 3545 1084 3623 μὲν
1113 3538 1182 3606 οὐκ
1209 3543 1302 3604 tet-

114 3641 252 3714 λοντος
280 3639 350 3705 οὔτε
378 3635 533 3724 πρότερον
560 3652 746 3724 ναυμαχεῖν,
769 3684 808 3692 -
835 3683 869 3692 —
894 3641 964 3706 οὔτε
987 3647 1045 3708 νῦν
1067 3681 1117 3720 -,
1141 3641 1225 3706 οἷλλδ
1248 3643 1303 3716 τοὶς

114 3742 205 3824 παρὰ
230 3747 470 3828 Τισσαφέρνους
488 3747 666 3819 Φοινίσσας
679 3747 757 3820 ναῦς
778 3751 965 3828 μένοντες
978 3785 1015 3792 -
1028 3744 1304 3810 κινδυνεύσειν

113 3846 332 3931 διατριβῆναι·
361 3843 428 3912 τδυ
457 3844 486 3908 δ’
509 3845 557 3910 αὖ
585 3849 865 3933 Τισσαφέρνην
893 3847 948 3921 τοὶς
977 3870 1007 3910 τε
1030 3851 1108 3922 ναῦς
1130 3850 1244 3921 ταύτας
1266 3844 1304 3912 οδ

113 3947 263 4028 κομίζειν,
287 3955 342 4010 καὶ
363 3946 485 4033 τροφὴν
507 3947 526 4010 ὅ
534 3973 567 4011 τι
591 3946 631 4013 ου’
651 3953 786 4029 ξυνεχῶς
808 3946 875 4015 οὐδ’
897 3948 1004 4033 ἐντελῆ
1026 3947 1134 4024 διδοδς
1155 3961 1250 4014 κακοί
1269 3950 1303 4015 αδ

114 4052 272 4115 ναυτικόν.
318 4043 396 4142 [Ολε
430 4045 533 4112 »οἷλλδ
564 4089 600 4098 -
629 4055 778 4130 μένοντες
806 4091 846 4100 -
876 4051 1090 4116 κινδυνεύσειν
1112 4055 1200 4116 kehrt
1224 4056 1301 4116 ohne

112 4153 285 4217 RtioksInht
309 4155 364 4214 aut
383 4153 431 4214 die
457 4154 673 4216 construction
699 4154 751 4216 des
774 4165 906 4216 ersteren
937 4155 1126 4236 abhangigen
1151 4155 1303 4234 Satzglie-

110 4299 311 4310 ,......----..-

181 4380 354 4446 uuam
