3134 4838
1229 231 1266 286 25

123 401 206 461 tieto
229 402 429 480 exprimatur.
470 401 553 482 (Non
578 422 700 482 prorsus
725 390 818 475 recte,
842 403 962 482 opinor,
985 403 1072 464 docet
1094 404 1197 464 Madv.
1220 406 1315 465 »efter

125 501 381 581 Yttringsverber
414 502 491 564 uden
526 507 618 590 uo'gep
649 503 856 584 Bibetydning
883 513 968 564 staur
997 515 1110 564 naesten
1137 505 1212 566 eltid
1236 505 1311 566 Aoo.

126 623 152 664 c.
176 603 232 661 lnl'.
261 602 337 663 eller
362 601 441 676 ὅτιιι;
476 623 545 664 uam
571 603 744 683 hujusmodi
767 605 889 666 verbum
914 612 960 664 cst
984 603 1111 682 exempli
1127 607 1235 684 ¹gretie
1258 602 1311 666 λε’-

124 725 206 780 γειν,
240 705 321 782 quod
355 723 445 785 saepe,
480 723 570 784 quum
605 703 770 783 simplicem
806 705 957 766 notionem
986 705 1161 765 enarrandi»
1190 705 1315 781 habeat,

125 805 195 866 sine
214 803 385 866 discrimine
403 802 532 867 cumcito
546 805 589 866 vel
603 825 668 868 cum
683 800 723 876 ὡς’
736 805 938 884 conjungitur3
958 824 1025 886 quoe
1037 825 1127 884 quum
1141 807 1185 867 itu
1198 808 1269 881 sint,
1282 808 1310 869 in

125 905 239 966 talibus
257 905 420 967 sententiis
432 907 512 966 ratio
525 913 595 986 part
582 907 682 968 ticulae
694 906 847 984 eligendos,
861 925 886 966 ει
879 899 1016 986 quidem
1033 917 1090 978 est,
1103 926 1160 968 non
1174 907 1203 969 in
1219 910 1312 970 verbo

126 1013 251 1084 regente
278 1007 368 1067 sed
361 1027 389 1067 rn
421 1008 579 1086 pendentis
609 1006 758 1068 enuntiati
782 1006 903 1068 notione
927 1007 1088 1088 quaerende
1112 1003 1184 1090 est.)
1229 1009 1313 1070 Con·
1335 1027 1336 1036 ¹
1372 1087 1373 1094 η

126 1107 242 1167 firmari
276 1107 395 1169 videtur
427 1107 482 1168 illa
516 1107 673 1172 distinctio
703 1107 874 1185 hujusmodi
905 1108 990 1168 locis:
1018 1108 1058 1177 ll,
1081 1105 1131 1180 48,
1154 1108 1317 1198 2e'lexdp

126 1201 181 1269 ὑπ’
213 1200 318 1269 αὐτῶν
351 1201 398 1281 ὥς
433 1207 465 1269 ολ
495 1207 748 1290 Πελοποννήσιοι
783 1206 940 1292 φάρμακα
973 1206 1190 1292 ε’σβεβληκοιεν
1216 1211 1247 1282 ἐς
1272 1210 1311 1274 τά

128 1311 262 1392 φρέατα,
297 1310 376 1390 quod
401 1309 514 1372 crimen
545 1311 656 1372 falsum
689 1321 764 1371 eret.
808 1311 886 1370 Item
911 1311 968 1381 ΙΙΙ,
990 1313 1040 1384 24,
1064 1305 1136 1380 3οἶ
1158 1310 1185 1372 ἀ
1205 1313 1239 1376 ἒιι
1261 1315 1313 1398 τῆς

125 1410 249 1484 πόλεως
275 1409 439 1494 ,Πλαταιῆς
471 1411 534 1475 τῶν
566 1415 625 1492 μὲν
657 1412 875 1495 γεγενημένων
897 1409 1012 1482 εἰδότες
1044 1403 1148 1486 ον’δέν,
1182 1418 1244 1478 τῶν
1277 1415 1316 1478 δὲ

126 1510 404 1597 ἀποτραπομένων
437 1516 527 1596 σφίσι
561 1509 827 1591 ἀπαγγειλάντων
850 1507 897 1584 ὥς
918 1506 1012 1576 οὐδὲν
1034 1517 1171 1596 περίεστι
1192 1554 1233 1563 -
1256 1538 1315 1592 -;

126 1617 220 1677 etiem
255 1617 309 1676 hoc
343 1617 464 1677 falsum.
509 1615 567 1691 Vl,
590 1616 638 1688 52,
664 1617 677 1677 l
709 1613 908 1700 ἐσηγγέλλετο
934 1615 969 1678 δὲ
1004 1610 1109 1689 αὐτοῖς
1130 1614 1164 1680 ἔκ
1186 1641 1216 1679 τε
1241 1623 1310 1681 Κα-

126 1719 262 1799 μαρίνης
295 1712 352 1788 ὡς,
386 1715 415 1776 εἰ
445 1714 587 1791 ἔλθοιεν,
621 1713 842 1800 προσχωροΐεν
872 1715 924 1790 ἄν,
959 1723 1015 1779 καλ
1036 1717 1094 1780 ὅτι
1121 1721 1312 1800 Συρακόσιοι

127 1818 283 1902 πληροῦσι
306 1817 469 1881 ναοτιιιόν·
493 1821 578 1899 prius
601 1819 747 1880 credibile
770 1821 824 1882 sed
847 1820 1004 1892 incertum,
1019 1821 1170 1900 posterius
1186 1832 1312 1886 certum.

126 1922 240 1984 Nescio
263 1942 301 1982 au
325 1920 412 1982 etiem
438 1922 461 1993 l,
485 1922 535 1994 32,
561 1922 571 1981 l
601 1917 730 1984 δίκαιον
752 1957 793 1967 —
814 1915 885 1991 τούς
906 1955 946 1964 -
968 1920 1102 2002 ἥκοντας
1132 1922 1220 2004 παρά
1243 1919 1316 1997 τούς

130 2011 240 2094 alleg,
272 2021 453 2101 ἐπικουρίας
475 2057 516 2066 —
537 2020 756 2105 δεησομένονς,
786 2017 986 2096 ἀναδιδάξαι
1014 2025 1151 2105 πρῶτον,
1173 2026 1313 2106 μάλιστα

129 2127 189 2202 μὲν
223 2119 269 2194 ὠς
301 2127 354 2183 καὶ
385 2120 534 2205 ξύμφορα
567 2123 704 2196 δέονται,
738 2123 768 2184 εἰ
793 2123 828 2186 δὲ
854 2122 912 2206 μή,
937 2123 995 2186 ὅτι
1016 2149 1052 2204 γε
1074 2119 1310 2211 οὐκ,ἐπιζη’μια,

127 2224 237 2288 ἔπειτα
264 2223 299 2287 δὲ
326 2219 373 2296 οἷς
400 2229 455 2286 καὶ
484 2221 538 2306 την
560 2227 654 2308 χάριν
675 2228 809 2307 βέβαιον
842 2229 975 2302 ἕξουσιν.
1019 2217 1099 2298 Quin
1125 2229 1154 2290 h.
1179 2231 1197 2291 l.
1221 2251 1312 2294 oense

129 2328 269 2410 qnaedum
299 2329 339 2388 sit
368 2327 551 2390 mutationis
575 2329 743 2407 perticum,
766 2327 826 2390 don
850 2329 1048 2391 dubitandum
1073 2339 1129 2401 est,
1152 2333 1204 2392 sed
1229 2353 1313 2412 queo*

129 2429 220 2491 uem?
253 2426 426 2491 Credideris
451 2429 592 2500 forsitan,
614 2427 662 2490 ὅτι
683 2449 775 2490 sonus
798 2430 897 2508 gratia
919 2431 1000 2490 iuter
1023 2430 1081 2491 duo
1105 2425 1146 2502 ὥς
1167 2432 1311 2494 insertum

129 2551 203 2601 esse,
230 2513 294 2591 ise.
323 2539 356 2590 nt
387 2531 512 2590 moleste
545 2531 689 2608 repetitio
720 2530 834 2609 triplex
858 2531 992 2607 ejusdem
1017 2531 1096 2592 vocis
1124 2534 1315 2595 evitaretur?

126 2634 196 2694 Non
232 2631 325 2711 plane
359 2630 510 2708 abnego.'
544 2631 645 2692 Aliter
678 2640 777 2691 temen
812 2650 878 2690 esse
913 2639 1025 2710 potest.
1085 2632 1187 2712 Atque
1221 2653 1309 2713 quum

125 2729 326 2807 ἀναδιδάξειν
359 2740 431 2792 ante
464 2731 566 2791 omniu
599 2733 732 2792 membre
765 2733 842 2792 idem
872 2732 1029 2810 significet,
1057 2753 1152 2795 causo
1179 2754 1214 2794 ex
1239 2727 1338 2813 ipsis'
1390 2801 1393 2808 ,

126 2835 272 2896 membris
296 2840 422 2894 eruatur
445 2851 565 2893 necesse
588 2842 642 2894 est.
677 2833 719 2894 Et
742 2832 899 2894 continent
921 2834 1043 2912 quidem
1062 2834 1225 2896 dissimiles
1242 2853 1335 2914 grav

125 2937 183 2998 dns
207 2936 291 2996 iidei:
325 2953 413 3014 quum
444 2934 534 3012 legati
563 2934 772 2994 demonstrare
800 2933 914 3004 volunt,
937 2953 982 3006 ea,
1005 2953 1070 3014 quae
1092 2943 1211 3015 petent,
1234 2935 1310 3014 ipsis

126 3035 369 3100 Atheniensibus
392 3033 481 3095 utilio
509 3030 688 3117 (ξύμφορα)
718 3053 793 3108 esse,
826 3053 886 3093 non
910 3053 1033 3114 prorsus
1057 3055 1233 3115 persuasum
1258 3037 1314 3096 ha·

124 3142 212 3212 benc,
251 3137 317 3196 illos
357 3135 412 3195 hoc
451 3136 622 3198 credituros
657 3157 721 3198 esse
755 3136 836 3217 (ideo
872 3128 944 3214 oi;);
978 3142 1020 3209 at,
1054 3140 1078 3196 si
1113 3158 1169 3198 non
1205 3135 1313 3218 ξάμιγ,

125 3249 210 3300 certe
245 3235 311 3322 (γε)
335 3230 391 3298 οὐκ
413 3229 572 3318 ἐπιζήμια,
597 3239 633 3297 de
663 3257 720 3319 quo
752 3237 908 3298 confidunt
930 3255 961 3296 se
986 3238 1090 3299 melius
1114 3257 1313 3317 persuasurus

126 3359 195 3402 esse
218 3340 302 3421 (ideo
331 3336 409 3419 ὄτι);
442 3340 585 3418 denique:
609 3334 663 3420 την
691 3330 787 3418 χάριν
814 3339 948 3416 βέβαιον
981 3339 1105 3412 ἕξουσιν
1127 3340 1192 3398 sine
1220 3340 1313 3402 dnbio

125 3461 183 3520 pro
216 3460 300 3521 aeque
334 3448 415 3502 certo
449 3440 635 3500 affirmatum
672 3441 786 3509 volunt,
818 3440 872 3500 sed
902 3441 970 3516 ipsa
994 3441 1085 3501 l'uturi
1116 3441 1199 3500 notio
1222 3441 1250 3500 id
1276 3460 1313 3501 ex

123 3545 261 3624 quedam
295 3549 385 3620 parte
413 3540 560 3601 incertum
589 3541 691 3602 reddit
713 3535 796 3622 (ἀς).
819 3575 859 3584 --
884 3541 949 3601 Nou
972 3549 1073 3601 tamen
1110 3561 1231 3619 semper
1253 3541 1312 3603 hoc

124 3643 290 3704 discrimen
325 3642 427 3703 velere
462 3642 565 3702 multis
595 3642 665 3702 locis
695 3643 820 3703 eminet:
854 3642 878 3712 Ι,
914 3638 982 3714 137,
1016 3643 1035 3700 2
1068 3641 1313 3727 (Θεμιστοκλῆς)

127 3739 241 3825 φράζει
263 3743 308 3827 τῷ
329 3737 496 3825 ναυκλήρῳ
519 3740 602 3814 ὅστις
624 3742 687 3804 ἐστὶ
708 3747 763 3803 καὶ
786 3735 828 3802 δι’
849 3741 872 3802 ἀ
895 3740 1012 3824 φεύγει,
1036 3749 1090 3804 καὶ
1112 3745 1141 3806 εἷ
1159 3741 1201 3827 μη
1224 3742 1316 3809 σοι’σει

128 3839 237 3920 αὐτόν,
260 3843 321 3927 ἔφη
339 3844 422 3925 ἐρεῖν
444 3842 501 3906 ὅτι
524 3843 659 3927 χρήμασι
672 3841 818 3915 πεισθεὶς
830 3839 927 3906 αὐτὸν
940 3843 1020 3922 ἄγει,
1035 3846 1084 3908 ubi
1103 3858 1236 3926 exspect.
1260 3843 1315 3925 ἀς;
1404 3847 1406 3854 ’

126 3965 199 4009 nem
222 3946 356 4029 χρήμασι
378 3949 524 4018 πεισθείς
546 3961 649 4026 aperte
671 3948 770 4009 lictum
796 3956 869 4008 erat.
904 3947 993 4020 VIII,
1017 3945 1066 4021 74,
1089 3950 1107 4008 3
1131 3941 1148 4010 ὃ
1171 3946 1205 4009 δὲ
1228 3951 1315 4010 Χαι-

124 4050 262 4128 ρέας-
286 4044 431 4127 ἀγγέλλει
461 4057 526 4120 τοῖς
554 4049 756 4127 στρατιώταις
784 4047 838 4110 επι
859 4042 894 4110 τὸ
915 4048 1022 4128 μεῖζον
1044 4046 1199 4121 δεινάσάς
1220 4049 1258 4111 coi
1281 4075 1314 4114 εκ

121 4174 191 4214 των
222 4143 389 4265 Ἀθηνῶν,
424 4146 471 4225 ὡς
504 4148 639 4235 πληγαῖς
666 4173 698 4212 τε
726 4149 849 4222 πάντας
881 4145 1024 4232 ζημιοῦσι
1049 4189 1084 4197 -
1108 4189 1149 4198 --
1175 4151 1275 4214 καὶ
1257 4175 1316 4216 οτι

122 4249 232 4317 αὐτῶν
254 4221 309 4316 καὶ
330 4245 477 4331 γυναῖκες
499 4258 553 4315 καὶ
575 4251 687 4326 παῖδες
708 4248 946 4334 ὕβρλζονται-
948 4255 1072 4327 ,ubit
1040 4275 1058 4314 u
1060 4264 1197 4334 trumque
1221 4277 1314 4318 mem·

123 4359 212 4419 brum
243 4375 262 4418 e
285 4377 356 4418 veru
385 4357 554 4436 discrepare
578 4365 609 4418 et
596 4355 770 4418 tverbis
754 4361 807 4418 επι
829 4351 864 4420 τὸ
885 4365 951 4436 μεις
938 4353 992 4428 ζον
1015 4355 1169 4429 δεινώσας
1192 4357 1317 4420 demon-
