3134 4838
1243 277 1277 329 li

141 451 209 530 go):
243 451 317 512 «Ein
353 453 514 528 gegensatz
483 449 602 510 tzdes
637 448 821 526 subjectiven
857 401 916 507 und
945 448 997 506 des
1031 446 1138 524 obeo
1117 456 1197 508 rnen
1232 447 1325 508 findet

140 551 209 613 hier
231 550 276 633 (in
300 545 445 640 ἕλεγρΓ
426 571 473 611 οτι
496 545 578 634 ἥξει)
602 547 714 608 ebenso
737 565 902 626 wenrg
853 557 902 608 s
904 557 931 608 t
904 550 998 608 als
1023 549 1068 609 bei
1091 545 1213 623 λέγει
1194 570 1241 610 οτι
1259 547 1326 630 ηᾟι

139 671 183 713 wo
207 652 254 712 die
276 626 402 732 spraeire
430 672 485 713 nur
507 653 571 713 eine
596 643 672 710 ionn
697 651 758 711 hat
739 660 784 724 tp>
807 648 930 709 deinde:
955 669 1000 709 «ιιι
1019 649 1125 710 beiden
1141 651 1255 712 forman
1271 651 1322 711 des
1416 719 1422 738 ι

140 757 266 814 referats
289 747 403 815 dri'rckt
424 749 577 814 sowohl
557 773 605 814 οτι
627 748 693 833 ἥξει
716 747 801 811 els‘⁴
782 771 829 812 οτι
851 745 920 832 ἥξοι
944 751 1002 812 den
1021 748 1099 828 J'etzt
1123 771 1179 812 nur
1201 751 1322 831 subjec-

89 849 94 868 ’
140 853 186 916 tiv
208 855 424 932 vorgestellten
448 854 546 915 inhalt
568 856 619 914 der
646 872 772 931 aussage
794 871 857 921 aus,
879 853 967 912 deren
989 849 1125 911 friiheree
1140 852 1320 913 stattfinden

140 954 273 1032 objectiv
295 955 440 1016 affirmirt
461 955 534 1016 wird
559 946 704 1041 (ἔλεγεν).
748 954 843 1015 Recte
865 973 936 1012 «nur
949 952 1127 1030 vorgesteiit
1138 952 1168 1012 in
1182 953 1324 1026 beiden»;

140 1056 191 1116 sed
214 1053 370 1138 «sabjecn'c
393 1056 570 1135 vorgestesst
593 1057 620 1117 in
646 1053 793 1116 beidam?
817 1053 982 1114 Videamus
1006 1071 1096 1132 quarn
1119 1054 1257 1132 praebeat
1276 1053 1323 1112 di-

140 1155 335 1217 stinctionem
368 1156 434 1236 ipsc
468 1148 634 1239 Madv.¹):
675 1175 724 1216 «aa
757 1156 798 1216 ist
832 1153 924 1215 leicht
958 1153 1136 1226 erklarlich,
1169 1155 1239 1213 dass
1272 1146 1327 1214 bei

141 1258 196 1318 der
218 1264 399 1334 versetzung
421 1258 473 1317 der
494 1277 609 1336 ganzen
640 1275 767 1336 ausuaga
791 1257 819 1316 in
844 1254 894 1315 die
917 1253 1151 1334 vergangenheit
1174 1254 1250 1315 auch
1276 1255 1323 1314 die

140 1355 346 1419 mittcldarkeit
373 1393 415 1402 -
444 1359 502 1418 und
536 1360 591 1420 der
623 1357 783 1420 charakter
811 1393 851 1402 -
874 1343 920 1418 als
948 1355 1031 1416 bloss
1065 1355 1245 1434 vorgestellt
1273 1357 1322 1415 fiir

141 1457 327 1538 denjenigen,
356 1458 488 1520 welcher
513 1460 591 1536 J'etzt
619 1457 768 1521 berichtet
790 1493 830 1504 -
852 1456 915 1517 sich
939 1457 1060 1517 stiirker
1082 1456 1149 1516 dern
1174 1455 1330 1517 bcwusst:

140 1561 204 1620 sein
234 1559 395 1638 aufdrang
404 1579 477 1616 —-n·
470 1558 585 1643 ,(ideo
620 1556 808 1641 optativus);
832 1557 951 1619 deiude:
985 1557 1096 1617 »durch
1131 1557 1229 1616 dieses
1253 1547 1322 1616 aui-

140 1660 236 1740 geben
266 1659 338 1758 (der
364 1661 574 1740 bezeichuung
596 1662 650 1723 der
672 1659 885 1748 abha'ngigkeit
873 1659 1007 1719 tdurch
1037 1659 1093 1718 den
1124 1665 1210 1736 opta
1212 1657 1322 1738 lv)

140 1761 209 1822 tritt
182 1740 287 1821 ῐιΙιι
306 1770 371 1821 satz
394 1762 450 1821 mit
472 1762 552 1823 einer
578 1763 760 1840 gewisseu
745 1761 898 1820 orosseren
922 1755 1171 1822 nurnitteibnrlccit
1193 1760 1246 1838 auf
1234 1757 1321 1818 fund

140 1841 211 1922 wird
239 1861 335 1921 nither
359 1863 555 1943 geriickt*
515 1864 637 1923 -und
661 1863 706 1924 die
739 1861 817 1922 wahl
842 1861 949 1921 beruht
972 1861 1034 1920 also
1058 1860 1174 1918 auf—
1196 1859 1250 1920 der
1269 1879 1323 1940 pe-

139 1983 236 2022 recueu
265 1969 462 2045 ausprt'r'punp
489 1962 544 2024 der
571 1961 750 2044 uorstcllonp
779 1963 826 2023 bei
849 1963 914 2022 dem
939 1960 1118 2021 redenden.»
1161 1961 1320 2020 Praeclare.

140 2063 214 2124 Haec
238 2072 340 2123 autern
370 2063 669 2125 nunnrittelbarkeit»
698 2083 796 2125 nonne
820 2073 892 2142 apte
916 2061 1034 2123 nornine
1056 2060 1221 2139 »objective
1244 2058 1322 2143 (Er-

138 2162 302 2242 scheinung
323 2174 354 2224 ut
378 2165 444 2236 Kr,
467 2164 532 2247 vei)
556 2165 769 2243 Vorsteiiungn
793 2151 977 2243 expiinritur,
1000 2172 1030 2222 et
1050 2161 1105 2222 ilia
1126 2161 1322 2221 »mirtelbau—

141 2265 222 2326 kcitn
244 2264 366 2324 nomine
388 2265 573 2342 »subjective
597 2265 829 2345 Vorsteiiungn‘?
850 2263 919 2325 Non
944 2283 1030 2342 nego,
1053 2263 1164 2332 omnia,
1188 2281 1252 2341 quae
1270 2278 1322 2322 co·

140 2364 284 2443 gitentur,
313 2365 438 2442 proprie
461 2367 665 2444 »subjectivan
696 2387 771 2438 esse,
794 2365 1035 2445 quandoquidem
1057 2359 1227 2423 necessario
1249 2380 1321 2422 »su-

139 2465 253 2543 bjecton
283 2465 418 2525 cuidam·
436 2467 599 2546 cogitanda
621 2477 701 2528 sunt.
745 2467 806 2528 Sed
830 2464 1002 2526 accuratius
1026 2463 1178 2524 notionem
1201 2463 1322 2540 »objec-

139 2567 228 2628 tivae«
251 2566 449 2644 expositionis
471 2569 668 2648 inquiramus.
701 2567 819 2650 (Atque
843 2566 969 2645 primurn
993 2565 1041 2625 hic
1065 2563 1154 2623 velirn
1178 2562 1321 2636 aniruad-

139 2678 243 2727 vertas
255 2686 340 2727 usum
355 2669 503 2746 quendam
522 2669 648 2741 dicendi,
668 2687 737 2730 mea
749 2666 913 2737 sententia,
926 2685 983 2726 non
1003 2674 1119 2743 aptum,
1132 2663 1182 2743 qui
1195 2683 1274 2740 saepe
1292 2663 1319 2722 in

139 2768 196 2829 hac
230 2788 261 2828 re
287 2768 495 2830 describenda
532 2780 705 2849 usurpatur.
755 2757 1006 2849 ·Kuehnerus²):
1047 2765 1122 2824 »Die
1157 2766 1209 2824 der
1242 2763 1323 2824 Ver-

139 2869 322 2948 gangenheit
354 2870 559 2950 angeherigen
589 2869 783 2932 Thatsachen
816 2869 875 2929 und
906 2867 1139 2943 Vorstellungen
1162 2865 1247 2926 zieht
1270 2865 1347 2948 der'

140 2970 286 3031 Redende
315 2971 344 3030 in
375 2970 526 3032 iebhafter
557 2972 745 3052 Aufiassuug
767 2991 822 3030 cns
851 2969 904 3030 der
933 2963 1169 3050 Vcrpcnpculroit
1191 2965 1222 3026 iu
1245 2965 1323 3024 aeine

139 3065 319 3152 chcuwort
351 3069 502 3132 laeander.»
557 3071 644 3142 Quod
674 3071 744 3132 rnihi
779 3072 897 3131 videtur
924 3067 1132 3131 consuetudini
1166 3064 1322 3144 cogitandi

142 3190 267 3250 prorsus
302 3190 487 3251 repugnare3
511 3193 579 3233 narn
603 3173 651 3234 vis
675 3171 824 3233 naemorioe
846 3171 874 3230 in
900 3191 944 3243 eo,
967 3171 1064 3239 credo,
1087 3167 1188 3247 posita
1211 3172 1266 3236 est,
1289 3173 1323 3226 ut

141 3271 178 3344 ie,
201 3271 251 3351 qui
276 3291 337 3332 rern
361 3272 492 3352 aliquam
516 3273 702 3344 meminerit,
730 3273 794 3354 ipsc
816 3270 996 3350 cogitatione
1020 3271 1057 3329 ad
1083 3269 1164 3329 illarn
1189 3285 1250 3328 reru
1273 3286 1323 3326 re-

137 3393 274 3454 pressum
297 3393 327 3433 se
348 3393 409 3434 esce
436 3375 540 3453 fingat,
568 3395 624 3435 non
653 3394 726 3435 sane
755 3372 835 3432 illam
860 3391 919 3432 rem
943 3373 979 3432 ad
1004 3370 1156 3450 seipsum
1181 3385 1323 3447 progres-
1369 3352 1373 3362 ¹

142 3491 220 3543 sam,
242 3473 331 3552 quod,
355 3483 438 3552 puto,
463 3495 523 3537 non
548 3476 635 3536 facile
658 3475 724 3556 sit).
759 3473 793 3536 Si
817 3473 882 3553 quis
906 3471 1116 3554 (designamus
1140 3488 1207 3530 euru
1222 3467 1322 3527 littera

143 3571 184 3656 B)
207 3572 285 3634 alins
307 3571 391 3656 (Aa)
415 3575 507 3636 verba
531 3569 613 3656 (quae
636 3576 702 3656 ipse
726 3574 893 3654 audiverit)
912 3572 1144 3634 orationerecta
1159 3571 1324 3640 affertve-

144 3673 202 3734 lut:
224 3673 327 3737 εἶπεν·
350 3675 459 3757 »παρά
481 3692 514 3736 σε
536 3674 645 3758 ἥξω»,
669 3676 740 3757 quid
764 3675 844 3736 aliud
869 3675 924 3734 hoc
946 3669 1255 3756 significatnisieurn,
1270 3669 1322 3750 qui

143 3793 219 3836 nunc
243 3789 358 3848 narrat,
380 3774 491 3860 (Bzm),
515 3787 639 3859 repente
652 3778 691 3839 ad
705 3777 778 3838 illud
791 3787 913 3855 tempus
931 3772 977 3857 (et
989 3773 1117 3854 quodam
1131 3771 1321 3832 modoetiam

144 3873 264 3958 iocum),
294 3877 344 3939 uhi
367 3878 420 3939 illa
447 3880 541 3940 verba
563 3879 841 3958 pronuntiarentur,
865 3874 1046 3954 cogitatione
1070 3889 1240 3952 regressum
1266 3869 1323 3930 sibi

141 3993 207 4034 esse
236 3978 402 4050 viderint
431 3980 517 4060 quasi
546 4000 677 4059 praesens
701 3999 736 4040 ea
758 3979 848 4039 etiarn
873 3995 951 4038 nunc
972 3974 1096 4036 audiat?
1127 3973 1206 4050 Ergo
1229 3988 1321 4051 quurn

144 4093 227 4153 paene
256 4079 414 4154 hominem,
436 4081 487 4162 qui
509 4080 581 4142 iliud
605 4081 692 4152 dixit,
716 4080 805 4141 etiarn
835 4097 914 4140 nunc
936 4077 1073 4156 aspicere
1095 4054 1163 4135 sibi
1176 4072 1323 4140 videatur,

146 4193 228 4254 paene
260 4179 380 4242 auribus
410 4183 474 4244 suis
502 4201 604 4244 rursus
632 4182 685 4244 iiia
715 4181 809 4241 verba
837 4178 997 4260 percipere,
1021 4195 1148 4261 paene
1128 4172 1229 4235 ornnia
1252 4171 1324 4244 alia,

144 4326 336 4336 -ῇἫ

144 4388 148 4400 '
210 4409 231 4470 ¹)
250 4427 276 4474 p.
295 4413 324 4460 ιι
344 4416 372 4461 ec
391 4414 429 4462 ιι,
629 4405 651 4470 ²)
670 4407 684 4472 J
703 4411 759 4470 aas,
779 4411 800 4456 1.
