3134 4838
1237 239 1274 290 27

125 415 223 476 nullis
246 414 350 492 signis,
375 417 484 492 suspic.
508 409 556 474 ὅτι
574 407 606 472 rl’
626 410 777 494 εἰρῆσθαι
796 445 826 454 -
844 447 890 471 --.
914 412 970 490 Pp.
986 411 1045 473 nul.
1060 411 1136 489 sign.
1160 408 1319 471 Haaclrius

115 519 171 576 ad
207 511 254 576 ὅτι
287 515 385 594 suppl.
420 507 530 593 arripior
563 511 650 576 ἔσται
680 549 710 558 -
734 510 800 592 ÷.)
839 511 932 586 ,tht
961 512 1011 583 53,
1041 509 1187 588 3ἕλεγεν
1209 548 1249 557 -
1271 507 1319 573 ricc

122 617 237 678 »τοῦτο
259 616 367 676 τοίνυν
390 610 446 677 οὐκ
468 613 552 679 ἔστιν
574 610 648 698 ἡμῖν
671 638 737 674 -ν.
755 611 782 696 1)

214 717 417 796 Singulariter
451 715 498 779 ὅτι
533 725 702 798 usurpatur
735 714 775 785 V,
803 711 833 784 9,
859 714 890 774 l:
925 707 991 775 αἰιὸ
1024 717 1083 795 μὲν
1113 720 1185 787 οἵας
1214 713 1319 794 χώραις

121 817 256 901 ἥκομεν,
281 815 329 878 ὅτι
351 811 403 879 οἷοὶ
426 815 480 879 διὰ
503 815 537 883 cri
560 815 705 905 εὔψυχον
727 814 911 894 ἐλευθέρας,
935 852 973 860 -
999 836 1052 889 -;
1085 818 1173 896 vulgo
1196 815 1233 876 ad
1269 814 1316 890 sicr

121 921 227 1000 suppl.
262 917 396 1000 inopem
429 921 472 982 ita
501 941 583 995 vero,
613 922 714 991 cred0‚
743 935 865 978 necesso
889 926 935 978 est
958 917 1061 978 onmia
1085 919 1178 980 verba
1201 915 1318 998 ἥκομεν

123 1017 196 1084 α’πό
223 1021 328 1103 χώρας
357 1015 507 1102 repetere3
535 1023 644 1084 melius
667 1021 787 1080 videtur
809 1017 964 1096 explicare
986 1018 1105 1080 Closs:
1131 1017 1195 1082 »ὅτι
1212 1020 1241 1079 in
1262 1021 1316 1081 der

124 1124 332 1202 Ausli'rhrung
367 1122 539 1197 armarent,
573 1120 722 1193 natalicia
745 1119 901 1180 verwandt
933 1121 999 1182 dem
1030 1118 1077 1182 ὅτι
1106 1138 1161 1183 vor
1190 1121 1319 1182 directer

124 1225 240 1288 Reda».

462 1619 702 1700 constructio
732 1617 984 1720 participialia.

211 1827 362 1898 Quoniam
387 1829 416 1891 io
441 1830 668 1909 Prolegomenis
692 1831 727 1890 de
752 1828 926 1890 verisimili
961 1828 1079 1906 origine
1114 1829 1243 1908 optativi
1267 1829 1315 1910 (et

123 1930 288 2012 infinitivi)
317 1932 345 1991 io
372 1931 509 1992 oratione
533 1929 657 2010 obliqua
680 1950 749 1992 usus
775 1929 1009 2009 disputavimus,
1029 1929 1092 2008 jam
1116 1927 1252 2008 quaedam
1277 1930 1314 1990 de

125 2029 224 2089 tertia
251 2030 302 2090 illa
331 2039 496 2102 structura,
525 2051 614 2111 quarn
643 2031 832 2124 notissimum
857 2040 904 2090 est
927 2029 1074 2091 interdum
1100 2037 1154 2091 aut
1171 2049 1231 2112 pro
1255 2030 1314 2090 illis

125 2129 273 2190 adhibere
301 2133 504 2194 necessarium
536 2151 601 2191 esse
626 2140 679 2192 aut
701 2129 791 2192 οἰοιοῖ
813 2152 880 2192 cunr
903 2132 968 2196 illis,
979 2151 1067 2212 posse
1091 2130 1243 2210 usurpari,
1267 2115 1313 2191 al·
1368 2147 1370 2150 ’

125 2231 272 2290 feramus.
307 2234 381 2293 Post
407 2252 544 2312 quaenam
568 2241 667 2293 autem
692 2233 787 2294 uerba
809 2232 957 2293 sentiendi
977 2239 1008 2291 et
1026 2232 1201 2293 declarandi
1214 2239 1314 2293 struc-

123 2339 196 2390 tura
231 2332 432 2412 participialis
465 2334 552 2424 yulgo
586 2332 771 2406 inveniatur,
801 2353 888 2413 quum
918 2333 1013 2393 Thuc.
1038 2332 1161 2392 omnino
1185 2331 1313 2392 eaodem

123 2443 271 2510 sequatur
311 2453 447 2494 normam
489 2453 577 2516 quam
613 2434 664 2494 alii
700 2434 847 2494 orationis
882 2435 990 2494 solutae
1024 2433 1186 2512 scriptores
1220 2440 1313 2512 atque

124 2531 192 2592 haec
226 2536 320 2595 verba
350 2555 365 2593 a
395 2535 599 2613 grammaticis
616 2526 646 2616 ²)
679 2542 898 2604 enumerentur,
933 2527 1052 2594 tautum'
1086 2553 1153 2612 quae
1181 2534 1312 2613 quodam

122 2633 246 2693 modoa
262 2635 380 2714 vulgari
406 2655 513 2697 nonna
537 2634 711 2714 discrepant
735 2635 894 2714 attingam.
928 2637 1031 2713 Atque
1048 2634 1175 2712 primum
1191 2635 1226 2693 de
1245 2636 1313 2713 ipsa

121 2742 236 2793 natura
270 2735 358 2814 liujus
393 2735 625 2797 constructionis
657 2735 872 2814 disputandum
903 2743 959 2795 est.
1004 2734 1161 2813 Eligamus
1187 2737 1311 2796 verbum

119 2827 206 2922 ὀροῖν
239 2844 270 2895 et
299 2835 505 2916 inspiciamus,
538 2836 648 2916 quibus
683 2835 810 2896 diversis
840 2835 932 2896 modis
963 2834 1165 2915 participium,
1188 2855 1253 2896 curn
1278 2855 1312 2897 eo

119 2935 327 3014 conjunctum,
350 2937 448 3016 accipi
471 2939 577 3018 possit.
623 2937 716 2998 Thuc.
733 2937 787 3006 lV,
811 2934 861 3008 27,
887 2938 898 2996 l
926 2930 1136 3017 (Ἀθηναῖοι)
1159 2929 1312 3017 ἠπόρουν,

119 3030 260 3114 ὁρῶντες
291 3040 354 3098 τῶν
383 3060 414 3098 τε
442 3036 628 3120 ἐπιτηδείων
657 3032 709 3120 ιὴν
738 3042 810 3124 περὶ
831 3035 886 3118 τὴν
909 3036 1158 3121 Πελοπόννησον
1179 3033 1313 3120 κομιδὴν

120 3128 289 3201 ἀδύνατον
313 3139 463 3223 ἐσομένην
487 3177 524 3184 —-
546 3153 582 3184 ’-
607 3137 661 3201 τόν
683 3161 714 3200 rs
731 3137 873 3221 ε”ᾳορμον
892 3144 1018 3222 χωρίων
1034 3135 1194 3222 α’λιμένων
1209 3139 1312 3204 ὄντων

119 3231 181 3302 οὐκ
214 3235 376 3320 ἐσόμενον.
423 3242 479 3303 Hic
511 3261 577 3301 esse
600 3260 642 3302 or.
675 3242 745 3312 obl,
775 3260 877 3302 omnes
906 3245 1089 3318 concedunt;
1112 3262 1181 3304 nani
1207 3263 1250 3306 or.
1273 3265 1311 3305 r.:
1353 3312 1357 3320 ,

64 3343 70 3356 ‘
119 3337 304 3427 (ὁρῶντες)
337 3339 373 3425 »ἦ
406 3337 518 3425 κομιδὴ
552 3335 710 3416 ἀδύνατος
743 3341 829 3404 ἔσται
851 3378 889 3388 —-
914 3335 963 3414 -'‚
992 3341 1010 3405 ri
1038 3365 1069 3404 ra
1095 3341 1234 3426 ἔφορμος
1256 3337 1313 3407 οὖν
1343 3373 1345 3380 ·

119 3441 237 3506 ἔσται».
281 3444 334 3506 Sin
366 3445 491 3506 dicimus
515 3439 579 3524 ὁρῶ
609 3437 707 3508 αὐτὸν
736 3446 894 3527 τρέχοντα,
927 3455 1010 3506 estne
1037 3454 1099 3507 tum
1125 3467 1244 3529 quoque
1269 3467 1312 3508 or.

118 3545 202 3607 obl?
238 3545 530 3608 Animadvertamus
559 3541 641 3625 ὁρᾶν
668 3547 696 3606 h.
721 3548 739 3608 l.
769 3566 838 3620 non,
867 3557 900 3607 nt
923 3546 1079 3626 inpriore
1103 3549 1251 3627 exemplo,
1274 3547 1311 3608 de

118 3647 269 3708 umentis»
292 3648 421 3719 actione,
444 3648 498 3708 sed
524 3648 560 3707 de
583 3648 773 3709 soculorum»
797 3648 985 3709 extrinsecus
1005 3647 1111 3709 oblata
1130 3649 1311 3728 impulsione

121 3747 329 3824 pronuntiari;
359 3749 432 3808 illud
464 3748 556 3827 igitur
578 3778 610 3802 ι·
632 3747 830 3825 γιγνώσκειν,
861 3741 1086 3810 αἰσθάνεσθαι
1110 3748 1224 3831 (animo
1248 3769 1312 3810 cer-

122 3848 226 3929 nere);
256 3849 311 3910 hoc
334 3877 366 3900 --
389 3849 483 3910 oculis
513 3849 624 3912 videre.
671 3848 747 3920 Quae
778 3871 866 3931 quum
890 3850 936 3911 ita
958 3849 1032 3922 sint,
1056 3849 1221 3931 posteriore
1245 3852 1310 3913 loco

194 4039 214 4106 ²)
233 4046 279 4094 Kr.
305 4045 375 4095 dicit
398 4044 425 4114 (ᾖ
445 4047 484 4106 65,
505 4048 516 4093 1
537 4061 599 4096 ann.
619 4045 655 4108 2),
673 4061 819 4109 numquam
837 4042 872 4098 uis
889 4048 928 4096 ita
946 4046 1084 4110 usurpari;
1103 4047 1312 4099 similitudinem

118 4135 215 4179 tamen
238 4130 344 4192 praebet
367 4130 449 4180 Thuc.
472 4131 611 4192 11,‚17,1:
640 4125 764 4179 Πυθικοῦ
785 4115 912 4194 μαντείου
936 4127 1132 4197 ιῖκροιιλιὺιιον
1151 4127 1252 4182 τοιόνδε
1269 4160 1310 4195 -,

116 4211 197 4277 λέγον
224 4209 329 4264 clauso
354 4211 527 4280 Πελασγικὸν
550 4209 639 4282 a'ypo'v
661 4210 795 4280 ἄμεινον»,
817 4219 866 4267 ubi
890 4213 976 4280 ἀκρον.
997 4231 1042 4267 τοι.
1062 4222 1090 4267 et
1107 4222 1221 4267 metrum
1241 4219 1309 4267 sctis

118 4299 321 4360 demonstrant,
341 4295 369 4346 τό
390 4303 426 4350 ΙΙ.
445 4297 489 4364 ἀγ.
509 4296 555 4364 ἅμ,
574 4302 766 4351 adverbum
786 4317 846 4352 esse
864 4303 985 4351 laudata.

189 4379 213 4440 ²)
232 4383 273 4431 (lt.
290 4385 429 4448 praecipue
448 4385 552 4435 Kuchn.
571 4382 589 4447 θ
605 4386 662 4435 482.
