3134 4838
1217 281 1253 335 Μ

194 457 492 522 Animadvertenda:
525 455 582 526 IV,
611 454 661 525 30,
683 453 703 512 4
725 439 923 539 προπέμψας
955 451 1093 531 ἄγγελον
1128 449 1170 525 ὡς
1201 451 1304 536 ἥξων,
1346 471 1356 492 ·
1418 455 1423 470 ’

102 581 197 641 paene
220 589 252 612 =
275 555 316 632 ὡς
339 555 413 642 ἥξει.
457 549 514 629 VI,
536 555 586 630 69,
612 557 625 616 l
651 548 887 638 ἀπροσδόκητοι
903 537 948 602 ’-
972 551 1053 638 ἦσαν
1082 550 1123 628 ὥς
1153 553 1211 638 ἤδη
1232 577 1303 634 μοι·

102 661 269 748 χούγιενοι,
305 679 393 742 quam
428 656 687 721 constructionem
717 659 771 720 Kr.
795 677 827 718 se
856 672 1006 738 nusquam
1041 657 1116 719 alibi
1151 657 1304 718 invenisse

104 765 285 826 confitetur.
505 825 508 832 ,

195 847 359 944 Interrog.:
381 863 440 935 IV,
463 862 514 934 20,
536 861 555 918 2
577 856 793 937 πολεμοῦνται
807 894 843 904 --
857 853 992 942 ἀσαφῶς
1003 853 1164 938 ὁποτέρων
1177 851 1304 938 α’ρξάν-

104 987 174 1028 των
195 995 227 1017 =
249 965 394 1025 incertum
417 963 493 1024 utris
517 960 690 1022 auctoribus
714 959 811 1042 (Ka).

492 1356 648 1436 variata
674 1355 922 1437 constructio.

194 1520 294 1581 Multa
322 1519 411 1578 verba
434 1527 465 1578 et
488 1517 656 1578 locutiones
686 1528 748 1578 turn
773 1536 839 1577 oum
864 1517 1029 1590 infinitivo,
1054 1528 1115 1578 turn
1140 1538 1207 1580 auur
1232 1538 1306 1598 par·

109 1621 225 1700 tiuipio,
248 1630 310 1680 tum
333 1638 399 1680 oum
423 1615 470 1680 ὅτι
492 1628 545 1680 aut
567 1613 608 1690 ὥς
630 1637 699 1679 uum
723 1618 815 1678 verbo
839 1617 925 1678 finito
946 1618 1097 1698 conjungi,
1116 1629 1217 1680 notum
1238 1627 1308 1692 est;

112 1740 248 1802 quaenam
283 1730 381 1781 autem
415 1721 477 1781 sint
505 1729 535 1778 et
564 1739 638 1800 quas
673 1719 808 1778 diversas
841 1718 1081 1797 significationes
1111 1719 1141 1780 in
1174 1719 1303 1780 diversis

114 1797 276 1882 structuris
300 1821 435 1881 habeant
460 1839 551 1901 quum
582 1818 772 1899 grammatici
796 1827 828 1879 et
850 1819 1016 1898 praesertim
1042 1820 1225 1884 Kuehnerus
1249 1839 1306 1880 ac·

111 1921 217 1984 curate
251 1907 435 2001 exponat¹t‚
463 1921 511 1981 hio
539 1940 576 1982 ea
603 1938 781 1982 enumerare
816 1920 1007 1998 supersedeo.
1052 1921 1174 1982 Kuehn.
1209 1921 1307 1981 etiam

113 2022 255 2082 insolitas
277 2041 328 2082 eas
350 2032 529 2092 structuras,
554 2041 618 2101 quae
642 2031 711 2100 post
734 2018 881 2080 nonnulla
903 2039 1004 2080 eorum
1031 2023 1111 2101 apud
1136 2022 1232 2082 Thuo.
1255 2022 1309 2081 in-

115 2121 289 2193 veniuntur,
317 2131 546 2184 commemorat:
578 2117 659 2201 ὁρᾶν
689 2142 713 2182 ο.
743 2121 797 2182 inf.
820 2121 918 2193 semei,
942 2113 1170 2183 αἰσθάνεσθαι
1193 2143 1216 2182 c.
1240 2121 1304 2194 int,

113 2217 256 2301 νομίζειν
280 2242 302 2283 o.
326 2223 565 2304 pertinsemel,
593 2219 774 2304 κατάδηλον
800 2219 884 2281 εἶναι
906 2241 931 2281 ο.
955 2222 1009 2284 ἰοΙ.
1040 2215 1143 2295 semel,
1168 2219 1309 2304 (δηλοῦν

110 2335 141 2385 et
165 2323 320 2407 περιορᾶν
343 2345 368 2385 o.
391 2321 470 2407 int).
514 2322 560 2385 Oi.
584 2329 676 2386 etiam
701 2341 794 2402 supra
816 2322 953 2384 «Constr.
976 2323 1112 2401 partie».
1154 2325 1308 2384 Animad-

75 2487 87 2514 Υ
110 2437 231 2487 vertam
253 2436 383 2498 tantum,
405 2444 470 2485 earn
495 2425 718 2488 distinctionem
741 2422 998 2503 significationum
1024 2423 1108 2484 verbi
1126 2419 1304 2501 ἀγγέλλειν,

109 2547 199 2606 quam
222 2534 342 2607 ponunt
363 2524 566 2604 grammatici,
596 2545 656 2588 non
690 2544 812 2603 semper
842 2523 959 2597 valere;
994 2523 1129 2586 Kuehn.:
1153 2545 1193 2588 «a.
1218 2536 1309 2608 port.

109 2647 167 2689 von
192 2630 246 2690 der
267 2628 412 2705 Meldung
445 2623 613 2689 wirlrlioirer
639 2623 833 2704 Ereignisse3
863 2644 887 2684 o.
911 2623 970 2704 inf.
995 2643 1050 2684 von
1076 2624 1132 2685 der
1155 2627 1304 2706 Meldung

107 2728 188 2790 noch
211 2729 400 2811 unqewiasea
423 2725 500 2786 blesa
522 2745 771 2809 anyanommeaer
793 2724 1018 2814 SaohenaKr.
1032 2715 1080 2807 ²):
1111 2728 1192 2788 »Der
1214 2729 1308 2788 lofin.

108 2827 197 2890 steht
219 2829 296 2892 auch
320 2831 367 2891 bei
396 2823 573 2904 α’γγέλλειν,
597 2827 832 2898 αἷσθάνεσθαι,
853 2823 1089 2887 πυνθάνεσθαι
1113 2827 1174 2888 und
1194 2829 1302 2889 beson-

24 2917 25 2922 '
110 2930 180 2991 ders
204 2931 305 3010 hanfig
327 2931 375 2991 bei
398 2924 537 3004 ἀκούειν,
560 2949 645 2992 wenn
670 2929 716 2990 die
737 2927 901 3008 geureidete
926 2928 998 2988 oder
1020 2927 1187 3007 pereipirte
1201 2928 1305 2990 Saohe

109 3030 198 3092 nieht
218 3032 263 3092 als
285 3031 348 3091 real
372 3031 583 3114 vorgestelltes
615 3031 778 3102 Praedioat,
811 3029 939 3089 sondern
963 3026 1008 3088 als
1037 3029 1139 3089 blosse
1172 3024 1307 3090 Vorstel-

109 3129 182 3212 tany
212 3132 274 3192 des-
293 3131 440 3210 Subjekts
463 3151 501 3193 zu
523 3132 641 3192 denken
664 3130 714 3206 ist,
741 3166 775 3174 ·-
802 3128 886 3189 mehr
908 3127 1163 3207 Ungewissheit».
1210 3127 1305 3198 Quod

111 3243 295 3312 praeceptum
318 3252 357 3293 ex
380 3233 513 3314 quadam
537 3239 622 3313 parte
645 3233 796 3294 refutatur
819 3227 991 3308 hujusmodi
1016 3229 1105 3290 iocis:
1128 3230 1299 3303 111‚110‚1

110 3327 294 3409 ἄγγελλετοτι
322 3328 393 3407 τοὺς
418 3329 661 3415 Ἀμπρακιῶτας
682 3368 723 3378 -
748 3366 786 3376 -
809 3328 1050 3412 ἐπιβοηθεῖν
1072 3324 1128 3392 διὰ
1149 3330 1213 3393 τοῖν
1232 3324 1313 3413 ’Λμ-

109 3432 264 3519 φιλόχιον,
288 3471 327 3480 -
350 3434 471 3508 εἰδότας
493 3429 588 3498 οὐδὲν
613 3436 676 3497 τῶν
701 3432 930 3515 γεγενημένων,
954 3432 1005 3493 ubi
1029 3438 1128 3492 certus
1156 3442 1187 3494 et
1215 3451 1306 3494 verus

108 3537 233 3599 nuntius
245 3544 321 3608 erat,
335 3556 458 3616 prorsus
472 3537 550 3599 idem
563 3537 737 3617 exprimens
750 3553 787 3596 ac
799 3533 824 3596 si
836 3540 930 3594 esset:
947 3525 1156 3609 ἀγγέλλονται
1167 3532 1301 3616 ἐπιβοη-

108 3638 255 3711 θοῦντες.
283 3615 361 3699 lt'em
380 3639 419 3712 V,
432 3637 482 3710 63,
495 3640 514 3697 2
526 3642 598 3722 περὶ
617 3633 806 3719 Ὀρχομένοο
826 3629 989 3719 ἠγγέλλετο
1007 3629 1108 3695 tatu
1120 3634 1245 3697 κέναι.
1262 3671 1308 3681 --

193 3739 297 3801 Verba
320 3746 352 3799 et
374 3738 551 3812 locutiones,
575 3759 640 3820 quae
662 3737 808 3823 sperandi
825 3737 940 3799 habent
956 3735 1222 3814 significationem,
1236 3736 1306 3816 ple-

111 3857 240 3920 rumque
262 3838 450 3900 infinitivum
474 3838 563 3923 (fut.)
586 3842 763 3914 desiderare,
777 3857 881 3900 omnes
894 3836 1003 3899 sciunt.
1027 3835 1233 3906 mundantem
1248 3837 1306 3898 Kr.

110 3929 318 4022 coutendit³)‚
347 3959 430 4019 paene
461 3960 621 4022 numquam
657 3949 727 4021 post
757 3959 794 4002 ea
818 3933 859 4011 ὡς
882 3958 905 3999 o.
930 3957 957 3998 r.
981 3939 1030 3998 fin.
1055 3936 1202 4017 usurpari,
1233 3938 1309 4017 jure

106 4039 226 4104 Wisen.
250 4039 351 4120 rejicit
362 4031 404 4122 ⁴),
428 4060 487 4102 uon
501 4041 608 4104 minus
631 4041 730 4104 decern
759 4040 848 4121 hujus
871 4045 1034 4100 structura
1057 4038 1195 4119 exempla
1218 4039 1306 4099 Thu-

105 4141 232 4224 eydidia
255 4159 447 4203 enumerans.
491 4141 570 4204 Wis.
595 4144 631 4204 cf.
655 4142 713 4215 111,
735 4140 786 4216 88,
807 4143 826 4202 3
850 4135 1011 4220 νομίζουσι
1034 4174 1071 4184 -
1098 4132 1140 4212 ὦς
1162 4175 1210 4201 -.

145 4317 151 4332 ’
176 4319 199 4382 ¹)
218 4319 234 4385 ξ
253 4323 310 4372 484.
336 4323 383 4373 ΚΥ.
402 4320 416 4386 §
437 4323 477 4386 56,
496 4325 519 4374 7.
720 4319 743 4384 ²)
760 4322 832 4372 Ibid.
851 4323 913 4372 ann.
933 4322 972 4372 11.

125 4403 454 4470 'Wthss
672 4405 1007 4470 ·ἬΙΜῌΜ
