3134 4838
1211 219 1247 272 47

97 401 292 479 εἴργαστο.
328 383 401 466 VII,
425 393 473 466 18,
491 397 510 455 3
532 391 562 457 oi
581 394 702 458 Αακεδ.
719 395 904 475 νομίσαντες
920 388 954 454 τὰ
969 390 1198 476 παρανόμημα,
1213 388 1292 473 ὅπερ
1379 409 1382 416 ’

98 507 153 562 καὶ
175 502 264 582 σφίσι
288 494 441 578 πρότερον
464 490 673 580 ἡμάρτητο,
699 535 732 542 -—
758 495 789 567 ἐς
811 490 882 566 τούς
901 489 1068 578 Ἀθήνκ-
1087 493 1292 572 περιεστάναι

100 603 250 688 (fortasse
275 622 294 662 a
317 597 480 676 scripture3
511 600 591 680 quod
615 602 695 680 apud
720 599 814 658 Thur.
839 601 928 678 σφίσι
948 619 1003 657 nun
1026 601 1115 676 plane
1136 595 1291 676 impedit.)

99 703 189 776 VIII,
217 701 268 775 82,
298 703 316 760 2
351 695 390 758 τοὶ
424 695 459 759 δὲ
491 702 546 764 τοῦ
579 701 719 781 πολέμου
744 736 778 742 --·
803 695 880 782 ἔφη,
915 696 1023 780 ἐπειδή
1045 700 1099 759 καὶ
1122 691 1292 777 στρατηγὸς
1320 732 1323 744 ·

52 815 55 822 '
98 802 228 894 ήρήτο,
252 839 292 849 -
315 799 460 882 πράξειν.
482 810 485 818 ’
504 801 696 890 (ήρήτοῖΐετε
715 830 751 852 c·
774 795 839 882 ήν.)
1152 797 1154 800 ’

184 907 229 966 De
245 905 359 990 saturo
382 905 421 962 cf.
448 906 552 965 Madv.
564 895 606 985 1).
629 906 677 966 Ex
691 923 733 979 σε.
747 923 769 962 r.
786 898 940 986 (ἔλεγεν)
956 901 1113 984 ιιποιήσοιι)
1125 902 1154 960 in
1171 913 1215 961 ur.
1232 901 1292 960 obl.

101 1008 133 1068 fit
157 1003 204 1066 ὅτι
227 996 390 1086 ποιήσει
414 1015 467 1065 aut
489 997 664 1086 ποιήσοι.
708 1006 848 1065 Forruam
874 1005 1059 1082 objectivarn
1081 1002 1292 1082 praetermitta

100 1105 168 1188 Opi.
203 1109 283 1186 apud
318 1107 412 1165 Thuu.
446 1106 566 1170 iuveni:
596 1114 628 1188 ο)
657 1108 688 1168 in
717 1112 794 1164 sent.
829 1107 956 1166 declar:
986 1107 1009 1177 Ι,
1033 1104 1084 1176 90,
1107 1105 1126 1162 4
1148 1096 1293 1163 ὑπειπών

100 1202 202 1268 τᾶλλα
226 1207 273 1270 ὅτι
299 1241 334 1250 -
360 1204 487 1287 πράξοι,
518 1206 624 1290 ᾤχετο.
669 1207 741 1292 (Kr.
765 1205 906 1289 πράξει.)
951 1207 991 1279 ΙΙ,
1014 1209 1043 1277 2,
1066 1207 1084 1265 3
1108 1195 1294 1283 προιδόντες

99 1305 163 1389 γὰρ
186 1346 227 1354 —-
248 1309 297 1370 ὅτι
325 1305 426 1368 ἔσοιτο
450 1305 467 1370 ὃ
490 1309 637 1390 πόλεμος.
682 1309 721 1381 ΙΙ,
751 1307 802 1380 80,
836 1309 847 1368 i
881 1307 1024 1383 λέγοντες
1046 1305 1093 1369 ὅτι
1116 1342 1157 1350 -
1179 1303 1293 1368 ἔσοιτο.

97 1411 156 1484 IV,
179 1411 230 1482 83,
252 1412 272 1471 4
294 1408 456 1490 εἰρήκεσαν
480 1448 530 1487 -,
561 1409 602 1484 ὡς
625 1449 665 1458 -
688 1407 825 1490 ποιήσοι.
869 1410 948 1470 ibid.
975 1412 1043 1482 110,
1066 1411 1084 1468 2
1107 1399 1224 1478 εἰδότες
1246 1407 1294 1469 ὅτι

98 1510 179 1593 ήξοι.
224 1513 281 1582 VI,
308 1511 358 1584 25,
381 1513 400 1570 2
422 1513 511 1576 εἶπεν
539 1513 586 1576 ὅτι
609 1550 648 1559 -
671 1507 882 1591 βουλεύσοιτο.
927 1511 984 1583 VI,
1009 1506 1061 1586 74,
1083 1511 1094 1569 Ι
1121 1507 1290 1589 ἐπισταμε-

101 1634 157 1684 νος
179 1609 226 1674 ὅτι
252 1613 407 1694 ήειῑξοιτο.
451 1617 540 1687 VIII,
563 1615 614 1687 48,
637 1617 656 1675 2
678 1611 788 1688 ἔλεγον
811 1607 922 1676 ὄτι-
943 1611 1045 1674 ἔσοιτο
1069 1615 1174 1671 καὶ-
1195 1617 1293 1697 παρέ·

98 1719 156 1791 ξοι,
201 1715 250 1787 50,
271 1716 288 1780 ,Ι
314 1711 410 1789 γνοὺς
433 1753 469 1760 -
494 1713 540 1778 ὅτι
562 1715 673 1778 ἔσοιτο.
718 1713 768 1786 99,
795 1717 808 1776 l
833 1706 1017 1776 ἐπεστάλκει
1039 1750 1079 1792 -,-
1103 1711 1149 1776 ὅτι
1172 1711 1241 1777 οὔτε
1260 1711 1294 1776 αλ

75 1819 170 1900 ,νήες
194 1812 394 1894 παρέσοιντο.
417 1816 449 1896 b)
472 1821 505 1878 In
530 1819 672 1897 interrog.
697 1816 772 1878 ubi:
797 1817 838 1887 V,
861 1810 889 1890 7,
911 1817 931 1878 2
954 1811 1235 1892 οἷναλογιζομένων
1256 1854 1307 1904 “'.

99 1914 179 1998 πρὸς
216 1922 289 1979 οἵαν
323 1917 492 1997 ἐμπειρίαν
588 1918 761 2000 γενήσοιτο.
813 1918 902 1989 VIII,
936 1915 987 1991 61,
1018 1920 1031 1978 I
1062 1913 1172 2000 ήπόρει
1199 1899 1295 1991 ’ὅπως

100 2024 270 2102 βοηθήσοι.
293 2056 334 2064 -
357 2021 528 2100 Utrumque
553 2009 609 2094 VI,
633 2021 682 2091 30,
705 2021 724 2077 2
743 2012 806 2096 μετ’
828 2015 957 2091 ἐλπίδος
971 2057 1006 2064 -
1020 2025 1076 2080 καὶ
1088 2015 1293 2102 ὀλοφυρμῶν,

104 2119 224 2200 τὰμὲν
248 2115 289 2193 ὡς
311 2121 482 2202 κτήσοιντο,
506 2116 610 2182 τούσδ’
631 2121 661 2180 εἴ
681 2139 755 2181 ποτε
778 2116 925 2204 duorum.

184 2357 253 2418 Janr
284 2375 353 2444 veru
383 2367 519 2436 ternpnra
549 2357 706 2424 historica,
729 2357 819 2440 impf.
846 2365 877 2417 et
899 2377 962 2417 aur.
986 2356 1062 2429 ind,
1086 2358 1293 2438 inspiciamus.

103 2457 158 2520 Or.
179 2476 226 2534 ,αι
261 2453 415 2539 (ἔλεγεν)
448 2455 534 2536 »irai
556 2455 610 2541 ήν»
639 2478 723 2537 paeue
756 2477 872 2535 semper
895 2457 926 2517 iu
951 2476 991 2516 or.
1016 2458 1076 2518 obl.
1110 2459 1294 2534 objectivam

101 2561 232 2618 formam
259 2555 380 2637 (ἔλεγεν
403 2557 466 2643 ὅτι)
489 2557 533 2643 ήν
556 2549 724 2639 retinet²);
748 2558 826 2639 quod
851 2577 941 2637 quurn
966 2559 1011 2628 fit,
1023 2553 1062 2639 ἦν
1074 2561 1190 2619 ratione
1207 2559 1295 2619 habi·

102 2669 139 2719 ta
162 2658 255 2737 hujus
288 2662 443 2742 temporis,
477 2682 534 2742 quo
560 2669 712 2731 narratur,
734 2657 895 2737 dupliciter
918 2660 1107 2737 praeteriturn
1132 2669 1190 2731 est,
1214 2660 1295 2738 quod
1404 2737 1409 2748 ι

98 2759 192 2836 vulgo
217 2762 391 2839 appellant:
416 2763 605 2842 praeteritum
628 2760 660 2820 in
679 2760 842 2842 preateriio,
888 2761 995 2819 Putrst
1019 2770 1119 2820 tamen
1146 2779 1295 2820 nunnurn-

98 2878 192 2938 quam
223 2857 370 2938 iu.praes.
395 2870 456 2938 opt.
480 2863 614 2924 transire
638 2860 715 2944 (quo
739 2880 803 2921 curu
830 2879 871 2919 or.
895 2879 919 2918 r.
942 2857 1037 2938 »ελμίι
1061 2857 1295 2941 uuni'unditur);

99 2959 194 3037 cujus
228 2969 330 3021 tamen
365 2980 436 3020 usus
466 2963 591 3052 nullum·
616 2963 784 3041 exemplum
820 2959 1043 3040 Thucydidium
1079 2950 1231 3042 habe0³).
1259 2996 1295 3004 —

187 3060 259 3121 Aur.
282 3060 341 3120 ind.
366 3058 518 3142 (ἔλεγεν)
541 3061 709 3144 »ἐποίησαν
732 3064 763 3121 in
787 3080 829 3121 or.
854 3059 913 3120 uhi.
937 3061 1117 3152 plerumque
1130 3062 1163 3121 fit
1177 3059 1297 3139 (ἔλεγεν

92 3158 163 3239 ὅτι)
187 3157 344 3243 ε’πολήσεν,
372 3163 574 3243 objectivum3
597 3167 675 3244 quod
700 3164 781 3223 idem
807 3173 854 3221 est
872 3164 1059 3242 praeteritum
1081 3162 1113 3221 in
1132 3162 1296 3244 praterico.

93 3261 254 3322 Interdum
280 3272 380 3324 tamen
406 3267 503 3341 i'urnra
526 3261 645 3343 (ἔλεγεν
657 3262 721 3345 ὅτι)
735 3262 899 3344 ποιήσαι
911 3273 1083 3342 usurpatur.
1119 3262 1167 3323 Gr.
1180 3263 1296 3335 Madv,

92 3365 148 3442 qui
173 3354 314 3442 doaet⁴)‚
343 3384 403 3424 aur.
432 3374 493 3443 opt.
522 3365 778 3442 significationem
804 3364 951 3446 prate-iiii
974 3365 1083 3424 habere
1112 3382 1212 3424 nwenn
1245 3365 1296 3422 der

91 3461 222 3542 optativ
255 3465 411 3524 entweder
444 3484 546 3544 wegen
579 3467 632 3525 der
661 3463 880 3544 abhangigkeit
903 3484 960 3524 von
986 3465 1084 3524 eiuem
1109 3464 1295 3543 praeteritum

92 3563 173 3623 oder
195 3581 247 3621 zur
273 3561 482 3644 bezdiehnung
505 3565 557 3625 der
579 3565 796 3626 wiederholteu
820 3565 975 3642 handlung
998 3575 1074 3626 stau.
1098 3565 1152 3624 des
1176 3564 1296 3624 indica-

92 3664 158 3722 tivs
194 3661 329 3724 eintritt»
359 3664 378 3725 i.
412 3686 437 3726 e.
470 3667 499 3726 in
530 3685 572 3726 or.
596 3666 666 3740 obi,
701 3684 789 3744 quum
815 3676 876 3744 opt.
901 3686 918 3724 a
941 3667 1094 3744 praeterito
1119 3673 1215 3726 nrturn
1239 3671 1296 3725 nst.

172 3855 194 3918 ¹)
213 3859 287 3907 Bam.
307 3874 332 3922 p.
352 3859 384 3909 27
403 3875 461 3925 sqq.

167 3939 268 4002 ²)an
291 3935 322 4000 ἦν
345 3943 380 3990 ad
409 3943 575 4006 objectivum
603 3945 719 3994 formam
744 3946 898 4008 perimere,
927 3947 1101 4010 conspicuum
1130 3951 1184 4005 asi3
1216 3959 1298 4008 quum

94 4027 172 4076 enim
191 4025 248 4086 ille,
267 4026 315 4089 qui
333 4023 413 4088 εἶπεν,
433 4027 562 4078 dixisset:
581 4023 653 4092 »ἐγώ
672 4021 727 4088 ἦν»,
745 4029 775 4078 In
794 4028 860 4090 ejus,
880 4029 927 4092 qui
947 4028 1054 4078 audivit
1073 4029 1129 4090 (val
1144 4030 1254 4079 audisse
1268 4045 1298 4079 aa

97 4109 181 4172 fingit
199 4128 232 4150 =
251 4111 299 4172 qui
322 4127 394 4161 nunc
416 4112 524 4173 narrat)
548 4113 639 4163 auimo
657 4113 759 4162 forma:
782 4101 858 4163 οὗτος
875 4106 906 4171 ἦν
924 4112 1040 4162 exstitit.
1077 4115 1138 4163 Non
1156 4114 1298 4176 pertinere

92 4196 163 4257 puto
182 4195 253 4242 illud
270 4185 309 4255 ἦν,
330 4195 402 4256 quod
420 4197 551 4258 prasenti
569 4194 656 4261 νελμίν
675 4198 847 4260 respondeat.
884 4198 923 4246 Or.
943 4211 1026 4258 supra
1044 4211 1070 4258 p.
1090 4199 1130 4248 44.

168 4274 192 4335 ³)
211 4277 251 4325 uf.
271 4279 342 4326 Bem.
361 4294 387 4341 p.
407 4281 446 4340 13,
466 4294 527 4330 ann.
547 4282 585 4341 10,
604 4282 652 4330 ubi
662 4282 751 4332 Madv.
771 4284 867 4332 aXen.
882 4279 1194 4345 etDemosrh.exemp1a
1206 4283 1297 4331 sumit.

167 4359 190 4420 Α)
210 4361 283 4414 Bam.
301 4377 327 4425 p.
346 4364 378 4410 23
397 4378 458 4426 sqq.
484 4365 534 4418 uf.
552 4366 660 4420 Kuehn.
679 4362 693 4428 ξ
712 4367 770 4428 389,
788 4381 814 4429 p.
834 4367 890 4428 157,
910 4380 971 4416 ann.
992 4366 1014 4415 1.
