3134 4838
68 429 74 442 ⁴
148 445 271 518 ornitto;
306 446 334 506 in
370 459 470 520 graeca
503 453 603 505 autem
634 444 736 524 lingua
763 446 917 506 sententia
939 439 1027 503 einer
1050 439 1097 504 ὅτι
1120 445 1271 518 πλούσιος
1293 445 1333 528 ἦν

77 551 81 560 ’
151 565 209 608 non
233 546 321 607 aliter
344 542 492 622 explicari
515 553 616 622 potest
638 565 728 625 quam
753 545 893 624 ponendo
917 544 977 606 sic:
1007 543 1106 618 einer,
1131 543 1242 634 -ἦν,
1265 549 1284 609 i.
1308 569 1333 610 e.

150 639 188 728 ἦν
210 665 247 706 ex
271 651 368 708 mente
392 647 467 724 ejnn,
500 645 550 724 qui
586 665 663 707 nunc
697 655 813 718 narrat,
845 645 1067 725 pronuntietur,
1095 668 1155 711 non
1180 671 1217 712 ex
1241 651 1333 724 illius,

149 746 201 829 qui
224 746 322 812 einer.
366 744 456 815 Quod
492 746 531 806 ad
565 745 645 806 lianc
676 745 775 826 ipsam
802 746 961 808 formulam
985 745 1107 822 attinet,
1130 750 1207 812 idem
1232 752 1291 813 fere
1315 772 1334 811 a

128 847 356 928 grammaticis
392 867 509 938 quoque
543 846 724 908 conceditur.
770 845 832 909 Sed
860 843 943 924 λέγει
972 845 1020 909 ὅτι
1041 846 1144 911 doci?
1194 851 1333 916 Eandem

151 969 285 1011 normam
319 949 408 1012 etiam
449 949 496 1038 hic
543 948 626 1026 ponit
663 938 858 1028 Behagh.¹);
898 960 927 1011 et
961 950 1093 1012 maxime
1127 973 1200 1013 sane
1233 953 1333 1014 credi-

151 1051 210 1112 bile
238 1061 290 1112 est.
335 1051 369 1110 In
405 1049 507 1112 multis
531 1047 600 1108 aliis
625 1048 733 1125 linguis
757 1048 834 1109 idem
859 1049 999 1122 occurrit,
1022 1051 1106 1112 velut
1128 1053 1156 1114 in
1181 1053 1332 1115 suethica:

150 1151 210 1212 han
235 1157 269 1212 tir
291 1152 369 1231 sjnk‚
391 1157 477 1229 segor
499 1148 569 1221 han,
593 1183 632 1192 -
655 1147 714 1210 han
738 1169 794 1210 var
816 1151 914 1223 siler,
936 1149 1045 1212 trodde
1068 1153 1128 1213 han
1152 1163 1206 1216 etc.
1236 1155 1332 1232 Ergo:

151 1245 303 1324 πλούσιός
325 1251 399 1323 ἐστι,
424 1249 486 1334 (id)
510 1247 601 1328 λέγει,
625 1249 645 1310 i.
669 1268 693 1310 e.
717 1258 743 1310 et
765 1246 818 1312 πλ.
841 1248 905 1312 ἐστι
926 1261 952 1312 et
975 1248 1118 1328 da'yerab
1142 1254 1202 1315 alio
1221 1275 1334 1316 norro-

149 1363 200 1414 tnr
215 1345 255 1436 ²).
300 1353 360 1417 Sed
383 1352 472 1415 εἶπεν
494 1349 542 1415 ὅτι
564 1347 617 1412 πλ.
640 1351 697 1432 εἴη,
720 1370 780 1430 qua
804 1352 933 1414 formula
954 1354 1047 1415 etiam
1071 1354 1109 1414 ad
1134 1355 1214 1416 modi
1232 1361 1334 1416 muta-

151 1456 261 1517 tionem
285 1455 482 1520 transiimns?
525 1454 559 1514 ln
583 1452 640 1514 hac
663 1471 695 1512 re
718 1451 916 1514 describenda
937 1454 991 1515 B:n
1014 1473 1072 1516 non
1092 1474 1214 1534 prorsus
1226 1476 1332 1516 assen-

150 1557 203 1617 tiri
243 1576 374 1634 possum.
437 1557 586 1635 Disputat
622 1542 759 1633 enim³):
792 1572 843 1613 »es
877 1554 992 1615 erklart
1022 1554 1085 1616 sich
1118 1550 1271 1638 ἐρώτησιν
1304 1557 1333 1616 τί

148 1659 198 1740 εἴιγ
219 1677 294 1736 ganz
316 1668 369 1736 gut
390 1678 458 1718 aus:
482 1655 649 1738 λρώτησεν·
673 1657 718 1714 »τὶ
741 1649 816 1737 (ἄν)
840 1655 902 1738 εἴη»
924 1684 955 1708 =
978 1675 1010 1716 er
1033 1657 1142 1736 fragte:
1177 1670 1270 1719 etwas
1294 1658 1335 1718 ist

152 1759 256 1820 wohl.»
292 1793 328 1802 -
363 1757 591 1834 Deindernljs
625 1755 743 1824 kommt
776 1752 857 1830 λέγει
880 1753 926 1818 ὅτι
950 1755 991 1818 ἄν
1013 1757 1060 1840 εἴη
1082 1776 1116 1818 so
1139 1768 1192 1836 gut
1215 1778 1267 1820 vor
1289 1759 1334 1819 als

106 1925 111 1936 ,
149 1859 239 1922 εἶπεν
262 1857 310 1921 ὅτι
332 1859 387 1942 εἴη.
430 1861 465 1920 In
489 1860 556 1919 dem
579 1857 664 1917 einen
689 1855 754 1916 Fall
778 1855 851 1936 liegt
873 1876 906 1918 so
929 1865 982 1938 gut
1004 1859 1078 1920 oder
1100 1877 1134 1919 so
1157 1860 1252 1939 wenig
1279 1859 1333 1920 wie

152 1961 182 2022 in
207 1963 272 2022 dem
296 1960 428 2022 anderen
452 1955 783 2036 Modusverschiebung
806 1977 861 2019 vor
883 1961 943 2020 und
967 1977 999 2018 es
1022 1959 1093 2038 geht
1117 1959 1267 2020 beidemal
1283 1962 1335 2021 der

150 2062 280 2141 Optativ
313 2063 367 2122 aui
395 2060 443 2123 die
478 2055 710 2139 ursprnngriche
735 2057 868 2138 Geltung
890 2060 920 2120 in
945 2062 999 2121 der
1022 2060 1156 2122 directen
1178 2059 1334 2121 Redeau-

151 2163 255 2224 riickn.
301 2161 380 2232 Quin
415 2160 496 2239 λέγει
529 2159 577 2222 ὅτι
610 2158 652 2218 ἄν
684 2158 731 2240 εἴη
757 2156 887 2242 (οὕτως)
910 2158 1065 2222 exstiterit
1087 2181 1125 2222 ex
1148 2157 1243 2237 λέγει·
1272 2161 1337 2244 »εἴη
1428 2215 1435 2232 ,

150 2261 221 2326 ἄν».
246 2283 332 2324 nemo
356 2265 492 2338 dubitat3
525 2264 569 2323 ita
601 2278 674 2320 vero
704 2260 739 2320 de
763 2261 841 2321 modi
865 2257 1030 2323 mutatione
1052 2261 1163 2323 mentio
1187 2263 1253 2324 fieri
1276 2281 1335 2324 nnn

152 2373 263 2446 potest.
309 2362 469 2433 Quomodo
504 2371 605 2424 autem
636 2359 724 2423 εἶπεν
746 2359 794 2422 ὄιι
815 2362 862 2446 εἴη
884 2363 922 2423 ad
946 2383 987 2424 nr.
1012 2381 1034 2423 r.
1057 2364 1191 2424 revocari
1215 2365 1335 2444 potest?

150 2464 281 2537 Omitto,
316 2467 395 2544 quod
431 2465 489 2526 fuit
522 2475 650 2542 tempus,
685 2483 775 2543 quum
810 2465 872 2526 lraec
903 2461 1040 2537 formula,
1064 2471 1134 2524 ante
1158 2484 1241 2525 usum
1265 2483 1335 2544 par-

151 2565 251 2628 ticnlae
285 2563 338 2638 ἄν,
372 2586 495 2645 prorsus
528 2564 652 2626 eandem
682 2582 718 2625 ac
741 2576 848 2642 postea
869 2563 958 2628 eluar
980 2560 1027 2625 ὅτι
1050 2563 1092 2628 ἄν
1114 2565 1161 2646 εἴη
1183 2565 1336 2644 significa·

151 2666 276 2756 tionem,
307 2667 328 2728 i.
358 2687 384 2731 e.
408 2666 610 2746 potentialem
635 2664 777 2739 liaberet3
801 2666 873 2746 quin
898 2676 965 2728 tum
983 2665 1072 2728 εἶπεν
1093 2659 1336 2750 ὃειεῖη(αὗεός)

150 2785 190 2828 ex
212 2767 314 2830 alneu*
338 2769 437 2850 »εἴηνιι
460 2775 562 2828 ortum
586 2765 690 2836 fuerit,
714 2784 772 2826 non
797 2767 995 2830 dubitandum
1020 2779 1075 2830 est.
1110 2769 1172 2832 Sed
1186 2787 1229 2829 or.
1242 2788 1264 2829 r.
1277 2765 1338 2852 (el-

153 2869 246 2954 πειν)
270 2868 366 2951 oripi»
389 2889 457 2951 qna·
476 2867 526 2929 via
549 2868 589 2928 ad
611 2864 701 2928 eluar
724 2865 771 2927 ὅτι
792 2869 839 2950 εἴη
862 2869 1078 2949 progreditur?
1111 2871 1147 2930 In
1162 2868 1336 2930 memoriam

154 2989 259 3034 revoco
294 2981 488 3053 praeceptum,
522 2968 599 3048 quod
635 2988 653 3028 a
686 2968 874 3030 Delbrtickio
908 2979 1062 3049 sumptum
1086 2989 1177 3049 supra
1202 2968 1338 3030 laudati:

151 3091 258 3134 omnes
281 3071 455 3152 compositae
478 3069 637 3131 sententiae
660 3067 745 3129 initio
768 3069 921 3150 simplices
945 3080 1054 3146 erant;
1083 3089 1154 3150 ergo
1176 3067 1275 3142 eluar,
1300 3105 1336 3113 -

152 3174 210 3256 εἴη.
254 3173 314 3238 Sed
347 3171 508 3262 quomis,
541 3169 591 3250 qui
623 3169 721 3242 eluar,
754 3169 868 3232 dixerit
899 3169 1006 3249 ιιελμίιι,
1034 3192 1072 3232 ex
1094 3172 1149 3232 hac
1172 3169 1269 3232 forma
1291 3171 1339 3252 εἴη

154 3274 234 3336 nnllo
268 3275 356 3336 rnodo
390 3273 452 3334 erui
476 3279 586 3351 potest.
630 3269 767 3350 Behngh.
791 3262 1062 3354 animadvertit⁴):
1085 3272 1145 3333 »Es
1168 3272 1252 3333 kann
1277 3292 1336 3332 nun

155 3375 245 3436 kaurn
270 3373 456 3436 zweifelhait
478 3371 555 3444 sein,
579 3372 651 3434 dass
675 3370 773 3432 dieser
796 3371 926 3452 Optativ
949 3374 1003 3434 der
1025 3373 1164 3453 obliquen
1183 3372 1337 3434 Redeaus

225 3554 234 3587 ¹
287 3593 292 3604 .
313 3559 342 3604 13
362 3571 373 3605 ε
415 3591 421 3602 .

223 3555 247 3701 'i
265 3571 322 3700 gna
341 3571 549 3702 viieqrungarur
566 3638 702 3701 particula
720 3632 767 3698 ὅτι,
786 3640 904 3688 noudum
923 3638 1045 3688 dilucide
1064 3639 1280 3688 demonstratum
1296 3643 1338 3687 est

156 3727 268 3790 Proprie
287 3739 346 3774 eam
366 3739 425 3774 esse
444 3739 500 3774 acc.
526 3727 614 3772 neutr.
641 3723 810 3786 pronominis
834 3723 952 3783 relativi,
980 3720 1141 3772 sanseritico
1159 3721 1213 3784 prad
1230 3735 1339 3783 respon·

157 3811 275 3866 dentem,
292 3809 364 3857 inter
383 3809 551 3856 recentiores
569 3807 643 3856 viros
662 3806 757 3855 doctos
776 3821 936 3856 consensum
955 3811 1003 3855 est.
1023 3805 1214 3866 (Gi.Delbr.p.
1225 3806 1256 3852 54
1267 3810 1341 3868 sqq.;

157 3893 282 3956 Behagh.,
301 3892 348 3956 qni
367 3893 403 3941 ad
420 3893 520 3940 multos
538 3891 608 3939 alios
627 3890 745 3952 delegat,
763 3904 789 3952 p.
810 3891 848 3952 15,
867 3892 906 3950 35,
925 3891 964 3938 35.
999 3890 1103 3938 Kuehn.
1118 3887 1132 3950 5
1147 3888 1195 3936 550
1208 3889 1284 3937 Anm.
1305 3889 1339 3948 l.)

155 3977 218 4026 Sive
237 3981 326 4028 autem
344 3975 523 4025 »deicticamn
543 3975 600 4024 sive
619 3974 845 4037 »anaphoricamu
864 3973 1092 4037 significationem
1109 3969 1236 4030 habet(v.
1248 3972 1340 4022 Delbr.

156 4076 181 4124 p.
200 4062 252 4122 31),
270 4061 300 4110 id
317 4060 401 4110 hodie
419 4074 467 4122 pro
488 4063 562 4108 certo
582 4058 772 4107 affirmandum
792 4061 843 4119 est,
863 4057 929 4108 duas
948 4071 997 4120 per
1015 4069 1043 4106 se
1053 4056 1158 4118 positas
1178 4051 1340 4113 (retorterio-

157 4145 227 4210 ελεγι)
256 4145 408 4195 sententias
436 4159 468 4194 ea
496 4141 631 4205 conjungi.
666 4142 708 4192 Gt.
726 4142 844 4205 Behagh.
863 4157 888 4205 p.
907 4143 939 4192 35
958 4156 1027 4200 anm,
1045 4139 1093 4188 ubi
1111 4138 1197 4186 multa
1216 4138 1341 4200 exempla

157 4227 242 4278 latina
262 4229 453 4279 collocationis
473 4228 549 4276 nadre
568 4227 650 4276 affert
667 4225 696 4286 (a
715 4226 842 4275 Petronio
862 4223 995 4296 sumpta):
1015 4237 1093 4286 spero
1111 4247 1152 4283 —,
1170 4246 1203 4256 -
1221 4221 1275 4270 eibi
1294 4223 1342 4271 im-

158 4319 254 4376 ponet;
274 4329 361 4378 spero,
380 4314 420 4363 sic
438 4313 539 4362 moriar
557 4328 601 4371 —;
621 4311 684 4361 alia.

224 4395 246 4458 ³)
265 4413 291 4460 p.
310 4400 341 4446 32
360 4412 399 4460 aq.
766 4395 791 4457 ⁴)
808 4411 834 4459 p.
854 4399 892 4444 21.
