3134 4838
315 261 353 314 28

272 423 372 496 αὐτόν
395 451 506 494 merum
531 435 695 514 objectum,
718 437 799 515 quod
824 443 960 507 vocatur,
982 435 1215 496 existimandum
1240 443 1296 508 est,
1316 436 1355 496 ad
1381 436 1460 515 quod

272 535 420 614 τρέχοντα
453 534 657 614 »appositivas
690 536 861 615 adjiciatur.
905 534 986 605 Quin
1020 536 1109 598 etiam
1143 538 1171 596 in
1201 536 1301 616 priore
1325 528 1461 618 κομιδήν

273 648 304 698 et
325 631 470 717 έφορμον
488 636 615 720 proprie
637 636 756 715 objecta
778 637 842 698 siut
864 637 948 698 verbi
970 631 1114 719 ὁρῶντες,
1138 647 1227 717 atque
1251 635 1406 719 ἐσομένην
1429 646 1459 698 et

272 729 428 817 ἐσόμενον
450 738 516 798 ioco
540 737 741 817 appositionis
765 737 905 798 habenda
928 737 1004 812 sint,
1024 759 1081 800 non
1103 745 1149 800 est
1164 739 1287 799 dubium
1295 757 1305 813 ;
1328 739 1459 800 distinc-

272 841 316 900 tio
347 838 442 919 igitur
472 837 707 915 significationis
737 839 767 899 in
799 833 880 918 ὁρᾶν
902 841 1062 919 quaereuda
1085 847 1140 901 est.
1185 839 1240 900 Sin
1265 851 1458 920 praeceptunr,

273 941 353 1021 quod
379 941 408 1000 in
438 939 662 1018 Prolegomenis
691 941 935 1013 commemoravi,
963 961 1020 1020 quo
1044 959 1087 1002 or.
1110 940 1170 1000 obi.
1194 942 1364 1030 mutatione
1388 960 1458 1019 per-

273 1061 357 1102 sonae
380 1052 411 1100 et
434 1040 514 1101 modi
537 1041 734 1112 indicaretur,
757 1060 924 1114 servamus,
947 1061 984 1101 ex
1007 1041 1137 1121 quadam
1163 1049 1248 1119 parte
1273 1040 1339 1102 haec
1360 1050 1458 1103 struc-

273 1152 340 1203 tura
364 1141 433 1220 jure
462 1161 503 1202 or.
528 1141 588 1203 obl.
612 1142 800 1221 appellatur}
831 1161 899 1202 uam
922 1142 947 1201 si
971 1141 1115 1203 dicimus:
1140 1138 1206 1204 οῖδο
1228 1140 1282 1220 ἐμὲ
1304 1141 1458 1204 πλούσιον

273 1241 360 1314 ὄντα,
396 1243 450 1302 boc
484 1241 542 1303 dici
575 1251 684 1320 potest,
708 1251 740 1302 ut
763 1243 851 1322 vulgo
878 1244 920 1311 fit,
943 1262 982 1304 ex
1010 1241 1126 1327 (odda)
1148 1241 1286 1316 »ἐκεῖνος
1308 1236 1458 1315 πλούσιός

272 1343 351 1405 ἐστι»
374 1343 531 1405 exstitisse
539 1362 548 1416 ;
570 1343 590 1403 i.
614 1364 639 1403 e.
663 1342 764 1422 prima
787 1363 918 1424 persona
939 1363 991 1422 pro
1011 1345 1104 1406 tertia
1128 1353 1159 1406 et
1180 1347 1289 1425 partic.
1302 1366 1355 1426 pro
1368 1346 1457 1407 indic.

271 1444 479 1524 Quamquam,
494 1454 529 1504 ut
541 1443 782 1504 constructiones
806 1465 843 1506 ex
856 1445 998 1522 analogia
1010 1447 1180 1506 senteutiae:
1203 1442 1268 1528 ὁρῶ
1280 1441 1377 1511 αὐτὸν
1389 1448 1457 1528 τρέ-

272 1567 370 1623 χοντα
395 1545 458 1624 jam
488 1545 516 1605 in
541 1545 644 1621 lingua
667 1545 843 1620 senscritica
866 1556 1029 1607 occurrunt
1045 1538 1086 1626 ¹),
1109 1549 1160 1619 sic,
1183 1552 1239 1612 etsi
1262 1549 1370 1623 rarius,
1394 1549 1457 1609 haeo

192 1629 194 1638 ’
272 1655 427 1708 structura
459 1645 502 1706 ibi
534 1645 565 1706 in
595 1643 748 1705 translata
777 1666 895 1728 quoque
925 1644 944 1705 i.
968 1667 993 1708 e.
1017 1649 1118 1710 arrimo
1141 1651 1338 1732 concipienda
1359 1650 1457 1729 signi-

272 1749 414 1809 ficatione
438 1747 495 1808 huc
518 1745 736 1824 pertinentium
757 1748 915 1818 verborum
939 1749 1104 1826 reperitur3
1126 1771 1231 1831 quare,
1248 1773 1336 1832 quum
1351 1750 1457 1828 hujus·

273 1849 354 1909 modi
390 1847 592 1908 enuntiatum:
626 1845 743 1934 ᾔσθετο
772 1842 869 1909 αὐτὸν
898 1843 1088 1911 ἀπελθόντα
1111 1851 1191 1934 (obs.
1217 1872 1276 1914 non
1301 1847 1457 1922 οἷπιόντας

272 1969 339 2009 narn
374 1957 437 2008 turu
474 1947 548 2009 nihil
582 1947 705 2027 mirum)
734 1949 772 2008 ab
801 1951 853 2010 itta
884 1949 987 2029 lingua
1016 1973 1073 2013 uon
1098 1971 1220 2031 prorsus
1252 1954 1383 2016 alienum
1406 1953 1457 2022 sit,

271 2049 330 2110 hoc
358 2038 449 2126 genus
480 2049 627 2111 orationis
655 2050 781 2131 obiiquae
800 2051 864 2129 jam
887 2051 930 2111 ibi
954 2061 1051 2113 ortum
1076 2060 1142 2114 es'se
1166 2054 1223 2114 dici
1245 2063 1358 2136 potest.
1401 2055 1457 2115 In-

271 2151 389 2211 terdum
416 2150 456 2209 ad
479 2159 578 2210 utram
602 2152 730 2230 speciem
755 2148 972 2233 (appositionis
995 2173 1034 2213 an
1060 2173 1139 2214 verae
1163 2174 1206 2215 or.
1228 2153 1304 2240 obl.)
1318 2155 1456 2234 exempla

272 2253 409 2330 quaedam
445 2253 613 2311 revocanda
646 2254 717 2324 sint,
753 2273 812 2312 non
847 2251 935 2312 facile
970 2264 1017 2312 est
1049 2254 1224 2332 dijudicare,
1257 2267 1289 2317 ut
1317 2257 1342 2329 Ι,
1365 2255 1456 2327 52,2

271 2347 403 2432 ὁρῶντες
426 2353 717 2434 προσγεγενημένοις
739 2375 769 2412 τε
792 2355 871 2426 ναῦς
893 2351 927 2414 ἐκ
948 2355 1012 2415 τοῖν
1031 2349 1191 2437 Ἀθηνῶν
1216 2376 1269 2430 -;
1302 2357 1328 2416 si
1357 2358 1456 2434 scrip-

238 2519 241 2528 ,
271 2461 334 2514 tum
359 2465 454 2513 esset:
478 2447 764 2533 προσγιγνομένας,
788 2456 855 2516 sine
879 2455 1068 2517 dubitatione
1093 2458 1131 2518 ad
1155 2457 1380 2538 appositionem
1404 2476 1455 2516 re·

271 2555 426 2614 ferendum
455 2565 545 2628 esset,
575 2557 653 2636 quod
675 2557 704 2618 in
729 2558 847 2635 objecto
872 2555 951 2629 ναῦς
973 2577 1061 2618 omna
1084 2557 1204 2637 pondus
1226 2558 1381 2630 insideret,
1405 2556 1451 2618 cui

270 2671 436 2735 προσγιγν.
464 2657 713 2735 subjungeretur3
736 2659 783 2719 hic
811 2669 923 2730 autem,
954 2678 1042 2738 quum
1072 2659 1142 2738 ipsa
1170 2661 1305 2721 »auctior
1336 2660 1448 2740 (προσ-

227 2741 229 2748 ⁴
269 2757 386 2836 γεγτν.)
422 2759 520 2836 urgeri
554 2758 706 2831 videatur,
740 2769 810 2838 apte
844 2780 885 2821 or.
921 2761 978 2820 obl.
1012 2753 1169 2840 accipitur.
1214 2761 1293 2822 Item
1329 2761 1358 2820 in
1389 2755 1448 2820 eide

269 2855 304 2920 τὸ
326 2856 501 2938 στράτευμα
523 2860 644 2938 φεῦγον
666 2861 780 2933 dubito,
804 2881 871 2921 num
886 2881 927 2922 or.
948 2860 1008 2922 obl.
1028 2861 1277 2940 appellandasit3
1292 2870 1450 2924 astantem

270 2962 349 3039 apud
363 2961 456 3022 Thuc.
470 2960 495 3032 1,
508 2957 559 3042 49,
572 2956 590 3021 7
604 2956 737 3040 ὁρῶντες
749 2959 819 3034 τοὺς
831 2963 1043 3042 Κερκυραίους
1060 2961 1277 3042 πιεζομένοος;
1290 2982 1357 3023 narn
1367 2963 1454 3039 ‘notio

269 3058 471 3140 πιεζομένους
504 3061 699 3142 (quamquam
735 3065 827 3125 etiam
858 3059 1134 3126 oculos'adbibere
1158 3083 1278 3125 necesse
1301 3061 1383 3147 erat)
1406 3073 1455 3122 ta·

270 3183 336 3225 men
360 3164 473 3243 percipi
498 3183 553 3222 non
578 3171 701 3242 poterat
723 3165 790 3224 sine
815 3165 925 3225 meutis
938 3148 1070 3226 actione:
1089 3166 1282 3243 »angustiosa
1295 3165 1455 3246 Corcyrae-

270 3283 366 3325 orum.
411 3264 460 3326 Ac
491 3264 633 3332 facillime
663 3265 726 3327 baec
755 3265 911 3326 distinctio
934 3265 964 3324 in
989 3265 1027 3326 iis
1051 3267 1149 3327 verbis
1172 3267 1364 3345 perspicitur,
1388 3285 1457 3346 quea

270 3366 418 3444 duplicem
444 3365 558 3426 habent
574 3373 757 3427 structuram
779 3366 1009 3445 participialem,
1029 3358 1201 3430 uta’uoriro:
1223 3351 1342 3448 ἤκουσα
1357 3361 1457 3429 αὐτοῦ
1492 3347 1497 3358 ’

268 3464 496 3547 διαλεγομένου
517 3495 549 3518 =
571 3465 621 3527 ὅτε
643 3464 813 3544 διελέγετος
835 3486 905 3545 ergo
930 3467 1012 3528 nulia
1028 3489 1069 3530 or.
1085 3470 1165 3543 obl.;
1188 3479 1311 3529 contra:
1335 3465 1456 3549 ἥκουσα

268 3561 366 3630 αὐτὸν
388 3565 616 3645 διαλεγόμενον
638 3599 670 3622 =
693 3577 860 3630 narrarunt
879 3569 1038 3640 mihi‚eum
1054 3572 1161 3632 dicere.
1186 3568 1362 3631 Conclusio:
1387 3591 1456 3651 quae

190 3743 191 3749 η
267 3670 341 3730 solis
370 3669 509 3732 sensibus
539 3670 751 3749 percipiuntur,
776 3689 833 3730 non
858 3677 929 3746 apte
952 3670 989 3729 ad
1013 3691 1054 3732 or.
1079 3672 1138 3732 obl.
1161 3673 1350 3744 referuntur3
1375 3673 1455 3732 reie-

268 3772 364 3831 renda
395 3792 461 3833 esse
491 3772 578 3831 credo
601 3792 646 3841 ea,
669 3773 708 3831 ad
732 3790 797 3850 quae
821 3770 1019 3850 percipienda
1043 3775 1134 3833 etiam
1160 3772 1269 3832 mentis
1294 3773 1371 3832 actio
1397 3773 1456 3834 ad-

268 3871 399 3932 hibenda
420 3873 469 3932 sit.
513 3873 636 3950 Repeto
659 3884 770 3942 tamen,
793 3871 1019 3932 distinctionem
1044 3892 1104 3933 non
1122 3873 1360 3933 raroobscuram
1376 3893 1454 3933 esse.

266 3964 356 4062 [Haec
391 3973 461 4033 mihi
495 3973 703 4034 consideranti
737 3973 966 4034 accommodata
1002 3974 1121 4035 videtur
1154 3974 1194 4034 ad
1227 3973 1286 4044 IV,
1314 3972 1343 4044 6,
1375 3975 1384 4032 l
1413 3969 1456 4046 ὡς

266 4064 430 4135 ἐπύθοντο
452 4074 504 4157 τῆς
526 4071 634 4136 Πύλον
655 4071 898 4156 κατειλημμένης
920 4075 1077 4136 annotatio
1097 4073 1261 4136 Classenii:
1284 4075 1363 4134 »Der
1381 4095 1456 4153 par-

267 4175 401 4255 ticipiaIe
435 4175 565 4237 Genetiv
599 4177 639 4237 ist
669 4177 755 4237 nicht
781 4176 825 4236 als
855 4175 972 4264 blosses
995 4175 1106 4256 Object
1130 4194 1187 4236 von
1211 4173 1373 4238 ἒπύέλοντο
1396 4195 1457 4236 an-

338 4371 359 4434 ¹)
379 4375 466 4422 Unum
485 4376 637 4437 exemplum
655 4375 748 4424 Delbr.
767 4373 784 4422 l.
803 4375 821 4422 1.
839 4389 865 4436 p.
885 4374 916 4422 82
935 4374 1055 4423 exhibet.
