3134 4838
1245 239 1282 292 35

138 403 346 495 οἷποδοόναι,ι
363 407 425 471 ὅσα
446 405 510 470 ἔδει
538 405 650 472 αδτλκα
673 402 857 472 ἀποδοῦναι
883 446 919 454 -
942 413 998 469 καὶ
1020 403 1054 471 τό
1077 405 1195 474 λοιπόν
1217 395 1330 493 φέρειν

135 509 207 591 (sc,
231 510 311 591 quod
335 512 489 590 Kruegero
513 514 673 586 assentior,
694 509 757 572 όσα
779 509 842 573 ἔδει
864 507 898 572 τό
922 505 1037 573 λοιπόν
1060 512 1196 595 φόρτιν).
1242 514 1328 576 Con-

138 612 249 673 clusio:
278 613 307 671 iu
338 610 539 686 καθελόντες,
564 614 645 696 quod
668 633 725 673 non
749 615 853 674 statim
878 614 943 675 lieri
967 623 1095 692 poterat,
1120 625 1327 694 praegnantem

137 723 212 792 puto
235 731 298 772 osse
321 714 590 792 significationem:
613 714 695 775 «sich
719 714 905 776 verbiudend
930 715 1224 791 niederzureissen«;
1248 717 1327 796 quod

139 832 180 873 ox
203 813 333 894 quadam
368 827 454 896 parte
488 805 580 876 etium
610 816 638 874 in
669 808 869 893 παραδόντες
897 824 928 877 et
958 808 1091 896 ἀφέντες
1124 817 1224 892 cadit3
1255 836 1327 895 ergo

138 901 363 996 ώμόλόγησαν·
377 916 463 1000 (=se
481 916 638 984 dedorunt,
649 917 713 977 llaec
725 919 923 998 suscipientes
933 917 956 996 :)
968 917 1254 998 »καθαιροόμεν-
1264 939 1329 979 πα·
1348 941 1355 956 ·

139 1014 315 1096 ραδλδομεν
337 1055 374 1063 -
398 1011 539 1102 δηλημεν
571 1038 642 1095 -»;
666 1037 718 1095 pro
752 1014 952 1097 ἀποδίδομεν
976 1030 1075 1080 autem
1101 1021 1247 1099 scriptum
1282 1028 1328 1081 est

138 1113 322 1198 columnella
345 1113 539 1192 α’ποδοῦναι,
563 1122 673 1198 partim
699 1138 714 1178 e
739 1122 853 1191 vulgari
878 1139 957 1181 moro
983 1120 1270 1201 loquendi‚‚partim
1295 1127 1329 1182 ut

141 1231 301 1301 utrumque
336 1223 513 1295 membrum,
543 1213 655 1282 αότλκα
684 1214 868 1283 οὶποδοῦναι
890 1234 920 1282 et
942 1218 976 1283 τό
1000 1215 1116 1282 λοιπδν
1139 1223 1258 1301 φέρειν,
1282 1223 1331 1281 di-

138 1322 248 1384 stincte
271 1323 502 1400 significaretur.
806 1313 814 1332 '

632 1503 829 1512 m

326 1712 532 1796 collocatio
561 1713 784 1796 dissimilium
813 1685 1146 1797 constructionum.

225 1894 311 1974 Saepe
335 1895 482 1965 notiones
505 1914 570 1974 quae
595 1894 761 1954 abeodem
787 1895 877 1954 verbo
901 1894 1043 1973 pendent,
1062 1892 1197 1954 dissimili
1212 1893 1332 1953 ratione

140 2014 207 2056 cum
232 2014 265 2055 eo
289 1996 517 2072 conjunguntur.
563 1993 616 2056 Sin

424 2144 640 2207 Nominalinus
662 2169 683 2207 c.
707 2145 763 2228 inf.
787 2155 813 2208 el
835 2165 895 2234 αμα.
919 2167 944 2207 ο.
967 2148 1044 2232 infit

228 2281 265 2352 V,
288 2282 338 2354 59,
360 2284 380 2344 4
403 2278 437 2343 τό
461 2279 650 2362 πλῆθος-
673 2275 710 2342 οδ
733 2319 772 2329 -
796 2276 1068 2376 δεινδντόπαρὸν
1091 2278 1247 2360 ἐνόμιζον,
1262 2276 1333 2342 ἄλλ’

141 2381 178 2444 ἐν
206 2379 294 2467 καλρῑ
323 2381 423 2446 ἐδόκει
445 2377 463 2464 ἡ
484 2382 585 2467 μα’χη
613 2381 748 2444 ἕσασθαι
776 2387 831 2444 καὶ
859 2379 946 2456 τοδς
979 2382 1335 2466 Λακεδαιμονλοος
1366 2375 1369 2382 ’

143 2480 369 2568 ἀπειληφέναι.
393 2484 505 2570 [ἐδόκει
527 2515 559 2538 =
585 2485 617 2567 l)
641 2485 813 2592 vidgbntun
835 2483 870 2567 2)
895 2485 1115 2568 existimabat]

518 2637 593 2699 Duo
615 2635 776 2699 dissimiles
799 2636 957 2722 infinitivi:

226 2757 251 2826 Ι,
274 2755 324 2830 62,
353 2759 372 2819 3
399 2751 439 2839 ἦν
466 2755 501 2818 δὲ
529 2750 547 2837 ἢ
573 2753 682 2837 γντόμη
714 2756 770 2818 coli
799 2749 961 2836 Ἀριστέως
991 2794 1031 2804 -
1053 2754 1259 2837 ἐπιτηρεῖν
1281 2791 1333 2826 -,

144 2855 338 2930 Χαλκιδέας
371 2856 405 2920 δὲ
439 2895 478 2904 -
511 2861 643 2934 μένειν
676 2893 726 2917 -.
757 2852 807 2941 [ἦν
837 2857 946 2939 γνώμη
974 2889 1005 2912 ==
1035 2859 1067 2938 l)
1101 2856 1264 2928 διενοεῖτο,
1300 2856 1334 2936 2)

141 2956 308 3042 ἐβούλετο]

540 3093 668 3156 Verbum
681 3095 808 3180 finitum
830 3105 856 3186 el
877 3094 952 3178 iuf.:

146 3232 171 3300 l,
192 3229 241 3300 91,
263 3231 283 3290 4
305 3230 393 3292 εἶπεν
416 3229 474 3293 ότι
497 3225 515 3312 ἦ
537 3234 595 3307 μὲν
617 3228 708 3301 πόλις
732 3266 768 3274 ·—-
792 3231 1025 3307 τετείχισται
1047 3229 1138 3300 -,εἷ
1158 3228 1194 3291 δέ
1215 3253 1242 3290 τι
1256 3227 1334 3308 βοό-

141 3330 253 3392 λονται
282 3330 401 3394 Λακτδ.
426 3368 476 3404 -,
506 3325 615 3393 ι’έναὶ
637 3368 685 3393 -.
731 3332 804 3392 Item
830 3333 885 3402 ill,
908 3331 957 3403 ll,
981 3332 1008 3391 l.
1042 3331 1082 3401 V,
1105 3333 1154 3394 61.
1179 3333 1205 3392 2.
1251 3332 1335 3392 Onn-

142 3433 283 3493 trorium:
309 3435 364 3504 Vl,
387 3433 436 3507 29,
459 3437 478 3496 2
501 3433 727 3514 ἐπεμαρτύρετο
749 3429 791 3513 μη
812 3471 853 3480 -
871 3428 1152 3510 ἀποδέχεσθαι
1165 3469 1201 3476 -
1216 3469 1266 3503 -,
1281 3435 1335 3491 noi

142 3531 202 3596 ὅτι
226 3537 481 3615 σωφρονέστερον
508 3538 565 3620 οἴη
594 3536 658 3620 (ex.
688 3535 776 3613 ἒπεμ.
805 3526 1063 3620 οαρρ1.’ἔλτγεν).
1108 3534 1269 3596 Animadv.
1294 3533 1335 3604 V,

143 3633 235 3714 69,st
260 3640 463 3717 παραινέσεις
487 3673 520 3682 -
546 3639 726 3716 ἐγίγνοντο·
751 3637 949 3698 ,Μαντινεῦσι
970 3640 1029 3702 μὲν
1052 3633 1112 3696 ότι
1135 3631 1213 3713 ὑπὲρ
1225 3656 1256 3694 τε
1268 3656 1334 3694 πα-

143 3735 248 3818 τρίδος
269 3733 287 3822 ἦ
309 3739 394 3822 μάχη
415 3737 525 3802 ἔσται
548 3745 602 3802 καὶ
631 3735 709 3818 ὑπὲρ
732 3733 829 3820 ἀρχῆς
851 3736 920 3817 ἅμα
943 3744 998 3798 καὶ
1021 3737 1177 3809 δουλείας,
1201 3734 1256 3820 τὴν
1277 3740 1336 3814 μὲν

142 3834 185 3920 μη
208 3833 503 3929 α’(ηαιρεθῆναι,
534 3845 586 3926 τῆς
616 3841 650 3904 δὲ
678 3837 719 3924 μὴ
750 3835 849 3911 αὖθις
882 3841 1105 3920 πειρᾶσθαι
1128 3860 1184 3883 -·
1210 3859 1237 3899 v.
1262 3839 1291 3897 h.
1317 3838 1335 3898 l.

142 3941 233 4013 vill,
263 3943 300 4005 51
333 3943 500 4020 ἐξάγγελος
531 3947 671 4021 γίγνεται
703 3936 749 4012 τός
770 3978 811 3988 -
833 3939 1045 4020 μέλλουσιν
1130 3945 1184 3999 καὶ,
1216 3976 1250 3984 —-
1276 3959 1335 3998 πτ-

143 4044 301 4119 πυσμένος
323 4049 392 4130 εἴη,
417 4051 471 4107 καὶ
493 4049 634 4130 χρῆναι
658 4082 707 4106 --.
807 4111 809 4119 ,

228 4146 261 4206 Ια
288 4147 332 4208 his
358 4150 503 4226 exemplis
526 4151 577 4209 inf.
602 4145 845 4209 cohortationem
869 4145 1037 4212 significan
1061 4162 1118 4202 uon
1140 4143 1185 4202 ita
1207 4142 1232 4214 Ι,
1254 4133 1337 4210 87,4
1391 4179 1393 4187 ,

141 4245 235 4308 εἶπον
258 4246 316 4310 ὅτι
340 4251 430 4330 σφίσι
452 4253 509 4326 μὲν
531 4247 686 4311 δοκοῖεν
709 4243 832 4307 ἀδικεῖν
856 4239 886 4306 οἱ
907 4240 1089 4326 Ἀθηναῖοι,
1112 4242 1338 4321 βούλεσθαι

147 4347 182 4410 δὲ
205 4386 253 4410 -ν,
